{"CHANGE": [{"ein": "010551094", "name": "ADVOCATING FOR CHANGE", "city": "SPRING VALLEY", "state": "NY", "zip": "10977-4275", "ntee": "P99", "ruling": "201407", "deductibility": "1", "assets": 0, "income": 0, "revenue": 0}, {"ein": "030380693", "name": "THEATRE FOR CHANGE INC", "city": "BUFFALO", "state": "NY", "zip": "14214-1010", "ntee": "", "ruling": "200504", "deductibility": "1", "assets": 0, "income": 0, "revenue": 0}, {"ein": "113050154", "name": "URBAN CENTER FOR CHANGE HOUSING DEVELOPMENT FUND CORPORATION", "city": "NEW YORK", "state": "NY", "zip": "10017-5752", "ntee": "L11", "ruling": "201408", "deductibility": "1", "assets": 360682, "income": 0, "revenue": 0}, {"ein": "132893548", "name": "SEARCH FOR CHANGE INC", "city": "VALHALLA", "state": "NY", "zip": "10595-1366", "ntee": "P73Z", "ruling": "197608", "deductibility": "1", "assets": 14974133, "income": 11413821, "revenue": 11413821}, {"ein": "132989233", "name": "CENTER FOR SAFETY & CHANGE INC", "city": "NEW CITY", "state": "NY", "zip": "10956-4730", "ntee": "P43Z", "ruling": "197908", "deductibility": "1", "assets": 4614583, "income": 7872700, "revenue": 7792793}, {"ein": "133032461", "name": "SEARCH FOR CHANGE COMMUNITY RESIDENCE CO I INC", "city": "VALHALLA", "state": "NY", "zip": "10595-1359", "ntee": "F33Z", "ruling": "198209", "deductibility": "1", "assets": 1047943, "income": 180316, "revenue": 168070}, {"ein": "133117119", "name": "SEARCH FOR CHANGE COMUNITY RESIDENCE CO III INC", "city": "VALHALLA", "state": "NY", "zip": "10595-1359", "ntee": "F33Z", "ruling": "198207", "deductibility": "1", "assets": 246683, "income": 10271, "revenue": 10271}, {"ein": "133168078", "name": "SEARCH FOR CHANGE COMMUNITY RESIDENCE COMPANY II INC", "city": "VALHALLA", "state": "NY", "zip": "10595-1359", "ntee": "F34Z", "ruling": "198310", "deductibility": "1", "assets": 2248904, "income": 278636, "revenue": 278636}, {"ein": "133672458", "name": "COMMUNICATION FOR CHANGE", "city": "BROOKLYN", "state": "NY", "zip": "11217-1743", "ntee": "Z99Z", "ruling": "199810", "deductibility": "1", "assets": 20920, "income": 1, "revenue": 0}, {"ein": "134120508", "name": "ART FOR CHANGE INC", "city": "NEW YORK", "state": "NY", "zip": "10029-3954", "ntee": "S01", "ruling": "200008", "deductibility": "1", "assets": 0, "income": 0, "revenue": 0}, {"ein": "141773386", "name": "OPENING POTENTIAL FOR ENVIRONMENTAL CHANGE INC", "city": "TROY", "state": "NY", "zip": "12180-1125", "ntee": "P80", "ruling": "199503", "deductibility": "1", "assets": 460310, "income": 32769, "revenue": 32769}, {"ein": "201647503", "name": "STEWARDS OF CHANGE INSTITUTE INC", "city": "CENTERPORT", "state": "NY", "zip": "11721-1527", "ntee": "B82", "ruling": "201308", "deductibility": "1", "assets": 31133, "income": 115754, "revenue": 115754}, {"ein": "202242921", "name": "FOSTERING CHANGE FOR CHILDREN LTD", "city": "ROCKY POINT", "state": "NY", "zip": "11778-1027", "ntee": "P32", "ruling": "200601", "deductibility": "1", "assets": 51916, "income": 656470, "revenue": 656470}, {"ein": "202722033", "name": "WOMENS VOICES FOR CHANGE INC", "city": "NEW YORK", "state": "NY", "zip": "10022-5542", "ntee": "P80", "ruling": "200508", "deductibility": "1", "assets": 0, "income": 0, "revenue": 0}, {"ein": "205802487", "name": "CHANGE IN LIFE MINISTRIES CHURCH", "city": "BUFFALO", "state": "NY", "zip": "14215-4021", "ntee": "X200", "ruling": "200709", "deductibility": "1", "assets": 0, "income": 0, "revenue": 0}, {"ein": "261874247", "name": "REALIZING THE CHANGE FOUNDATION", "city": "WAPPINGERS FL", "state": "NY", "zip": "12590-2750", "ntee": "S20", "ruling": "201504", "deductibility": "1", "assets": 0, "income": 0, "revenue": 0}, {"ein": "262520684", "name": "HAITIAN AMERICAN UNITED FOR CHANGE H A U C INC", "city": "LK RONKONKOMA", "state": "NY", "zip": "11779-4556", "ntee": "P20", "ruling": "200911", "deductibility": "1", "assets": 0, "income": 0, "revenue": 0}, {"ein": "262623362", "name": "GAMES FOR CHANGE INC", "city": "NEW YORK", "state": "NY", "zip": "10003-4170", "ntee": "W70", "ruling": "200906", "deductibility": "1", "assets": 323916, "income": 5085164, "revenue": 5085164}, {"ein": "271359103", "name": "NEW YORK COMMUNITIES FOR CHANGE INC", "city": "BROOKLYN", "state": "NY", "zip": "11238-2208", "ntee": "R40", "ruling": "201103", "deductibility": "2", "assets": 3645003, "income": 4215978, "revenue": 4200821}, {"ein": "272254605", "name": "CHOOSE YOUR CHANGE INC", "city": "BROOKLYN", "state": "NY", "zip": "11237-6545", "ntee": "M20", "ruling": "201102", "deductibility": "1", "assets": 0, "income": 0, "revenue": 0}, {"ein": "300486777", "name": "HOPE FOR CHANGE INC", "city": "LAKE KATRINE", "state": "NY", "zip": "12449-0692", "ntee": "Q30", "ruling": "200902", "deductibility": "1", "assets": 7529, "income": 41393, "revenue": 41393}, {"ein": "300504062", "name": "COMMIT-2-CHANGE INC", "city": "TUCKAHOE", "state": "NY", "zip": "10707-0312", "ntee": "P12", "ruling": "201010", "deductibility": "1", "assets": 1147873, "income": 799194, "revenue": 642878}, {"ein": "301166326", "name": "WOMEN WILL CHANGE THE WORLD INC", "city": "ALTAMONT", "state": "NY", "zip": "12009-0062", "ntee": "", "ruling": "201909", "deductibility": "1", "assets": 0, "income": 0, "revenue": 0}, {"ein": "331246648", "name": "MT ZION INTERNAL CHANGE MINISTRIES", "city": "BROOKLYN", "state": "NY", "zip": "11214-4646", "ntee": "X20", "ruling": "202410", "deductibility": "1", "assets": 0, "income": 0, "revenue": 0}, {"ein": "332125943", "name": "FLEX FOR CHANGE INC", "city": "BRENTWOOD", "state": "NY", "zip": "11717-1224", "ntee": "O50", "ruling": "202412", "deductibility": "1", "assets": 0, "income": 0, "revenue": 0}, {"ein": "332801699", "name": "GLOBAL GIRLS FOR CHANGE INC", "city": "BALLSTON SPA", "state": "NY", "zip": "12020-3073", "ntee": "O12", "ruling": "202501", "deductibility": "1", "assets": 0, "income": 0, "revenue": 0}, {"ein": "333131487", "name": "BLUEPRINT FOR CHANGE INC", "city": "BROOKLYN", "state": "NY", "zip": "11206-5159", "ntee": "P20", "ruling": "202504", "deductibility": "1", "assets": 0, "income": 0, "revenue": 0}, {"ein": "334045028", "name": "RUNNING TOWARD CHANGE INCORPORATED", "city": "BAYPORT", "state": "NY", "zip": "11705-0005", "ntee": "T99", "ruling": "202504", "deductibility": "1", "assets": 0, "income": 0, "revenue": 0}, {"ein": "371910415", "name": "PEOPLE FOR CHANGE INC", "city": "SAINT ALBANS", "state": "NY", "zip": "11412-2357", "ntee": "P60", "ruling": "201903", "deductibility": "1", "assets": 0, "income": 0, "revenue": 0}, {"ein": "451597795", "name": "KIDS CHANGE THE WORLD INCORPORATED", "city": "MELVILLE", "state": "NY", "zip": "11747-4259", "ntee": "Q33", "ruling": "201211", "deductibility": "1", "assets": 0, "income": 0, "revenue": 0}, {"ein": "454445009", "name": "WAVES FOR CHANGE ALLIANCE INC", "city": "BROOKLYN", "state": "NY", "zip": "11221-7836", "ntee": "P12", "ruling": "202412", "deductibility": "1", "assets": 0, "income": 0, "revenue": 0}, {"ein": "462210934", "name": "CENTER FOR THEORY OF CHANGE INC", "city": "NEW YORK", "state": "NY", "zip": "10003-1334", "ntee": "B05", "ruling": "201312", "deductibility": "1", "assets": 0, "income": 0, "revenue": 0}, {"ein": "462256489", "name": "FEW FOR CHANGE", "city": "OSSINING", "state": "NY", "zip": "10562-5225", "ntee": "B82", "ruling": "201409", "deductibility": "1", "assets": 0, "income": 0, "revenue": 0}, {"ein": "462875392", "name": "SPARE CHANGE INC", "city": "NEW YORK", "state": "NY", "zip": "10018-4502", "ntee": "A12", "ruling": "201907", "deductibility": "1", "assets": 0, "income": 0, "revenue": 0}, {"ein": "462918114", "name": "VITO BERRETTAS CHANGE OF TOURS PROJECT INC", "city": "ROCKAWAY PARK", "state": "NY", "zip": "11694-1624", "ntee": "Z99", "ruling": "201406", "deductibility": "1", "assets": 0, "income": 0, "revenue": 0}, {"ein": "463141687", "name": "GLOBAL CENTER FOR HUMAN CHANGE INC", "city": "BRONX", "state": "NY", "zip": "10463-4618", "ntee": "Q20", "ruling": "201409", "deductibility": "1", "assets": 18774, "income": 66081, "revenue": 66081}, {"ein": "463553658", "name": "HORSES FOR A CHANGE INC", "city": "ESOPUS", "state": "NY", "zip": "12429-0054", "ntee": "N69", "ruling": "201411", "deductibility": "1", "assets": 21851, "income": 158934, "revenue": 158934}, {"ein": "464691123", "name": "DRIVE CHANGE INC", "city": "BROOKLYN", "state": "NY", "zip": "11206-5768", "ntee": "J22", "ruling": "201502", "deductibility": "1", "assets": 3384978, "income": 2673780, "revenue": 2673780}, {"ein": "465349861", "name": "PARTNERS ADVOCATING FOR COMMUNITY CHANGE INCORPORATED", "city": "ROCHESTER", "state": "NY", "zip": "14619-0369", "ntee": "S99", "ruling": "201407", "deductibility": "1", "assets": 0, "income": 0, "revenue": 0}, {"ein": "465471614", "name": "CYCLING FOR CHANGE INC", "city": "LOCUST VALLEY", "state": "NY", "zip": "11560-1717", "ntee": "P99", "ruling": "201408", "deductibility": "1", "assets": 24826, "income": 66613, "revenue": 4672}, {"ein": "471561014", "name": "STAGE THE CHANGE", "city": "DIX HILLS", "state": "NY", "zip": "11746-7927", "ntee": "A20", "ruling": "201409", "deductibility": "1", "assets": 39196, "income": 83990, "revenue": 83990}, {"ein": "472153891", "name": "UNITED 4 SOCIAL CHANGE INC", "city": "HAVERSTRAW", "state": "NY", "zip": "10927-1400", "ntee": "W01", "ruling": "201709", "deductibility": "1", "assets": 0, "income": 0, "revenue": 0}, {"ein": "472720373", "name": "UNITED HANDS FOR CHANGE INC", "city": "HEMPSTEAD", "state": "NY", "zip": "11550-6232", "ntee": "P60", "ruling": "201809", "deductibility": "1", "assets": 265, "income": 8244, "revenue": 8244}, {"ein": "473846125", "name": "SO YOU WANT TO CHANGE THE WORLD", "city": "BROOKLYN", "state": "NY", "zip": "11211-5073", "ntee": "B01", "ruling": "201506", "deductibility": "1", "assets": 7319, "income": 86175, "revenue": 86175}, {"ein": "475496215", "name": "ORBIT OF CHANGE FOUNDATION INC", "city": "ROSEDALE", "state": "NY", "zip": "11422-1813", "ntee": "O50", "ruling": "201906", "deductibility": "1", "assets": 0, "income": 0, "revenue": 0}, {"ein": "611559147", "name": "JONAS BROTHERS CHANGE FOR THE CHILDREN FOUNDATION", "city": "NEW YORK", "state": "NY", "zip": "10019-0000", "ntee": "P12", "ruling": "200808", "deductibility": "1", "assets": 3532, "income": 10000, "revenue": 10000}, {"ein": "611787990", "name": "BROTHERS FOR PEACE AND SOCIAL CHANGE INC", "city": "FAR ROCKAWAY", "state": "NY", "zip": "11692-1520", "ntee": "", "ruling": "202505", "deductibility": "1", "assets": 0, "income": 0, "revenue": 0}, {"ein": "743257979", "name": "ADVOCACY COALITION FOR POSITIVE CHANGE", "city": "BRONX", "state": "NY", "zip": "10475-2201", "ntee": "P30", "ruling": "200904", "deductibility": "1", "assets": 0, "income": 0, "revenue": 0}, {"ein": "760833915", "name": "CHANGE MACHINE", "city": "BROOKLYN", "state": "NY", "zip": "11202-8247", "ntee": "P50", "ruling": "200711", "deductibility": "1", "assets": 3468128, "income": 1330384, "revenue": 1330384}, {"ein": "800393183", "name": "NEIGHBORHOOD CHANGE YOUTH ORGANIZATION INC", "city": "STATEN ISLAND", "state": "NY", "zip": "10310-2334", "ntee": "O50", "ruling": "201105", "deductibility": "1", "assets": 250774, "income": 250774, "revenue": 250774}, {"ein": "800538523", "name": "CONCERNED COMMUNITY 4 CHANGE INC", "city": "BROOKLYN", "state": "NY", "zip": "11213-6038", "ntee": "O50", "ruling": "201103", "deductibility": "1", "assets": 0, "income": 0, "revenue": 0}, {"ein": "800861448", "name": "GREATER NYC FOR CHANGE", "city": "NEW YORK", "state": "NY", "zip": "10011-5301", "ntee": "S21", "ruling": "201405", "deductibility": "2", "assets": 0, "income": 0, "revenue": 0}, {"ein": "810903738", "name": "SYDENHAM AND FRIENDS UNITED FOR CHANGE INC", "city": "BROOKLYN", "state": "NY", "zip": "11210-1936", "ntee": "W99", "ruling": "201803", "deductibility": "1", "assets": 0, "income": 0, "revenue": 0}, {"ein": "814496228", "name": "HUNGRY FOR CHANGE INC", "city": "BRONX", "state": "NY", "zip": "10475-0342", "ntee": "Z99", "ruling": "202305", "deductibility": "1", "assets": 0, "income": 0, "revenue": 0}, {"ein": "814934314", "name": "MOBB UNITED FOR SOCIAL CHANGE INC", "city": "BROOKLYN", "state": "NY", "zip": "11233-6645", "ntee": "", "ruling": "201805", "deductibility": "0", "assets": 0, "income": 0, "revenue": 0}, {"ein": "815115943", "name": "CMC FOUNDATION FOR CHANGE", "city": "NEW YORK", "state": "NY", "zip": "10018-4582", "ntee": "F99", "ruling": "201801", "deductibility": "1", "assets": 223953, "income": 649048, "revenue": 642953}, {"ein": "822274572", "name": "YOUTH BOXING FOR CHANGE", "city": "NEW YORK", "state": "NY", "zip": "10012-2607", "ntee": "O50", "ruling": "201708", "deductibility": "1", "assets": 0, "income": 0, "revenue": 0}, {"ein": "824350421", "name": "POCKETS CHANGE COMMUNITY INC", "city": "BROOKLYN", "state": "NY", "zip": "11203-5010", "ntee": "P51", "ruling": "201902", "deductibility": "1", "assets": 94504, "income": 229243, "revenue": 229243}, {"ein": "824418709", "name": "CAN ART CHANGE THE WORLD INC", "city": "NEW YORK", "state": "NY", "zip": "10012-4215", "ntee": "A20", "ruling": "202206", "deductibility": "1", "assets": 9620577, "income": 477504, "revenue": 477504}, {"ein": "825187188", "name": "IN NEED OF CHANGE FELLOWSHIP CHURCH", "city": "NEW YORK", "state": "NY", "zip": "10016-7913", "ntee": "X20", "ruling": "201911", "deductibility": "1", "assets": 0, "income": 0, "revenue": 0}, {"ein": "825246538", "name": "M2 FOUNDATION FOR PEACE AND SOCIAL CHANGE INC", "city": "ROCHESTER", "state": "NY", "zip": "14611-2514", "ntee": "I21", "ruling": "201906", "deductibility": "1", "assets": 0, "income": 0, "revenue": 0}, {"ein": "830533752", "name": "INSPIRING CHANGE WITHIN THE YOUTH", "city": "QUEENS VLG", "state": "NY", "zip": "11428-1525", "ntee": "B80", "ruling": "202104", "deductibility": "1", "assets": 0, "income": 0, "revenue": 0}, {"ein": "830670185", "name": "CHANGE SUMMER INC", "city": "NEW YORK", "state": "NY", "zip": "10023-3201", "ntee": "O50", "ruling": "201812", "deductibility": "1", "assets": 1968598, "income": 6138986, "revenue": 6138986}, {"ein": "830758246", "name": "C4 CHRISTIANS CONCERNED ABOUT CLIMATE CHANGE INC", "city": "NEW YORK", "state": "NY", "zip": "10008-3514", "ntee": "C20", "ruling": "201809", "deductibility": "1", "assets": 0, "income": 0, "revenue": 0}, {"ein": "833008242", "name": "ONLY MEN ABOUT CHANGE INC", "city": "BRONX", "state": "NY", "zip": "10455-2006", "ntee": "P99", "ruling": "202403", "deductibility": "1", "assets": 0, "income": 0, "revenue": 0}, {"ein": "834132708", "name": "CENTER STAGE FOR CHANGE INC", "city": "BRONX", "state": "NY", "zip": "10470-2122", "ntee": "O50", "ruling": "201909", "deductibility": "1", "assets": 0, "income": 0, "revenue": 0}, {"ein": "834678250", "name": "EMPOWERING FOR CHANGE FOUNDATION INC", "city": "WYANDANCH", "state": "NY", "zip": "11798-1027", "ntee": "S20", "ruling": "202003", "deductibility": "1", "assets": 0, "income": 0, "revenue": 0}, {"ein": "842039329", "name": "INSIDE CHANGE FROM WITHIN INC", "city": "NEW YORK", "state": "NY", "zip": "10012-4275", "ntee": "W99", "ruling": "201906", "deductibility": "1", "assets": 0, "income": 0, "revenue": 0}, {"ein": "842515374", "name": "CODE FOR CHANGE", "city": "STATEN ISLAND", "state": "NY", "zip": "10301-1432", "ntee": "B90", "ruling": "201909", "deductibility": "1", "assets": 0, "income": 0, "revenue": 0}, {"ein": "842539892", "name": "YOU CAN CHANGE INC", "city": "BRONX", "state": "NY", "zip": "10467-1381", "ntee": "", "ruling": "202107", "deductibility": "1", "assets": 0, "income": 0, "revenue": 0}, {"ein": "842886517", "name": "JAZZ AND CLASSICS FOR CHANGE INC", "city": "GHENT", "state": "NY", "zip": "12075-3902", "ntee": "A90", "ruling": "201909", "deductibility": "1", "assets": 71331, "income": 95863, "revenue": 95863}, {"ein": "844373587", "name": "CHILDREN FOR CHANGE INTERNATIONAL", "city": "BROOKLYN", "state": "NY", "zip": "11226-7653", "ntee": "I21", "ruling": "202004", "deductibility": "1", "assets": 0, "income": 0, "revenue": 0}, {"ein": "844936019", "name": "CLIMATE CHANGE RESOURCES", "city": "NEW YORK", "state": "NY", "zip": "10011-4608", "ntee": "C99", "ruling": "202004", "deductibility": "1", "assets": 37544, "income": 110171, "revenue": 110171}, {"ein": "844984142", "name": "PLANTING CHANGE FOUNDATION", "city": "BROOKLYN", "state": "NY", "zip": "11215-8206", "ntee": "C30", "ruling": "202006", "deductibility": "1", "assets": 29142, "income": 146701, "revenue": 146701}, {"ein": "850601291", "name": "QB GENERATIONAL CHANGE INC", "city": "UNIONDALE", "state": "NY", "zip": "11553-5023", "ntee": "O50", "ruling": "202005", "deductibility": "1", "assets": 0, "income": 0, "revenue": 0}, {"ein": "852029967", "name": "UNITED FOR CHANGE ASSOCIATION", "city": "OCEANSIDE", "state": "NY", "zip": "11572-4329", "ntee": "B25", "ruling": "202008", "deductibility": "1", "assets": 0, "income": 0, "revenue": 0}, {"ein": "852215725", "name": "BLACK BOYS LEADERSHIP ALLIANCE FOR CHANGE B-BLAC INC", "city": "JAMAICA", "state": "NY", "zip": "11433-1484", "ntee": "O50", "ruling": "202010", "deductibility": "1", "assets": 0, "income": 0, "revenue": 0}, {"ein": "852419344", "name": "LITERARY AGENTS OF CHANGE", "city": "NEW YORK", "state": "NY", "zip": "10005-1888", "ntee": "", "ruling": "202009", "deductibility": "1", "assets": 94112, "income": 75315, "revenue": 75315}, {"ein": "852851625", "name": "WE ACT 4 CHANGE INC", "city": "NEW YORK", "state": "NY", "zip": "10031-1714", "ntee": "S21", "ruling": "202212", "deductibility": "2", "assets": 0, "income": 0, "revenue": 0}, {"ein": "853305435", "name": "FACES OF CHANGE FOUNDATION INC", "city": "JAMAICA", "state": "NY", "zip": "11434-4516", "ntee": "B11", "ruling": "202106", "deductibility": "1", "assets": 1, "income": 0, "revenue": 0}, {"ein": "853800793", "name": "NEED FOR CHANGE", "city": "ROCKVILLE CTR", "state": "NY", "zip": "11571-2048", "ntee": "B99", "ruling": "202104", "deductibility": "1", "assets": 0, "income": 0, "revenue": 0}, {"ein": "853980721", "name": "CREATIVES WANT CHANGE INC", "city": "BROOKLYN", "state": "NY", "zip": "11249-8651", "ntee": "T12", "ruling": "202104", "deductibility": "1", "assets": 292103, "income": 234771, "revenue": 234771}, {"ein": "854350586", "name": "POSITIVE CHANGE MAKER INC", "city": "BRONX", "state": "NY", "zip": "10466-2220", "ntee": "P51", "ruling": "202505", "deductibility": "1", "assets": 0, "income": 0, "revenue": 0}, {"ein": "861615571", "name": "I CAN CHANGE INC", "city": "BRONX", "state": "NY", "zip": "10451-4500", "ntee": "P40", "ruling": "202504", "deductibility": "1", "assets": 0, "income": 0, "revenue": 0}, {"ein": "861947139", "name": "HEARTS OF CHANGE INC", "city": "BELLEROSE", "state": "NY", "zip": "11426-2135", "ntee": "P43", "ruling": "202109", "deductibility": "1", "assets": 1884, "income": 0, "revenue": 0}, {"ein": "861995653", "name": "LASTING CHANGE INC", "city": "ALBANY", "state": "NY", "zip": "12207-2922", "ntee": "W12", "ruling": "202111", "deductibility": "1", "assets": 0, "income": 0, "revenue": 0}, {"ein": "862284699", "name": "CRC CHANGE INC", "city": "MILTON", "state": "NY", "zip": "12547-5273", "ntee": "B01", "ruling": "202105", "deductibility": "1", "assets": 0, "income": 0, "revenue": 0}, {"ein": "862561825", "name": "CHANGE THE LENS INC", "city": "BROOKLYN", "state": "NY", "zip": "11233-5609", "ntee": "R22", "ruling": "202107", "deductibility": "1", "assets": 0, "income": 0, "revenue": 0}, {"ein": "862915025", "name": "AAPI FOR CHANGE", "city": "NEW YORK", "state": "NY", "zip": "10017-0002", "ntee": "A23", "ruling": "202108", "deductibility": "1", "assets": 0, "income": 0, "revenue": 0}, {"ein": "862944905", "name": "MOORE FAMILY FOUNDATION FOR CHANGE INC", "city": "NEW YORK", "state": "NY", "zip": "10028-0318", "ntee": "T01", "ruling": "202208", "deductibility": "1", "assets": 7071126, "income": 2076710, "revenue": 0}, {"ein": "872048372", "name": "ARTS CHANGE EVERTHING", "city": "TUXEDO PARK", "state": "NY", "zip": "10987-4420", "ntee": "A20", "ruling": "202505", "deductibility": "1", "assets": 0, "income": 0, "revenue": 0}, {"ein": "872292708", "name": "WATCH US CHANGE US INC", "city": "ENDICOTT", "state": "NY", "zip": "13760-4616", "ntee": "P30", "ruling": "202412", "deductibility": "1", "assets": 0, "income": 0, "revenue": 0}, {"ein": "872896289", "name": "MAKE A CHANGE WORLD INC", "city": "NEW YORK", "state": "NY", "zip": "10012-4689", "ntee": "C12", "ruling": "202202", "deductibility": "1", "assets": 1383365, "income": 988865, "revenue": 988865}, {"ein": "873013475", "name": "GENEVAN OF CHANGE SCHOLARSHIP", "city": "GENEVA", "state": "NY", "zip": "14456-3174", "ntee": "B82", "ruling": "202203", "deductibility": "1", "assets": 12635, "income": 10092, "revenue": 10092}, {"ein": "874194758", "name": "MAKE CHANGE FOUNDATION", "city": "NEW YORK", "state": "NY", "zip": "10022-1615", "ntee": "T50", "ruling": "202202", "deductibility": "1", "assets": 0, "income": 0, "revenue": 0}, {"ein": "881367281", "name": "KARATE FOR CHANGE INC", "city": "NEW ROCHELLE", "state": "NY", "zip": "10801-8344", "ntee": "N12", "ruling": "202207", "deductibility": "1", "assets": 0, "income": 0, "revenue": 0}, {"ein": "881684808", "name": "CHANGE ARTS", "city": "NEW YORK", "state": "NY", "zip": "10031-3624", "ntee": "A25", "ruling": "202206", "deductibility": "1", "assets": 0, "income": 0, "revenue": 0}, {"ein": "882554988", "name": "SWIMMERS FOR CHANGE INC", "city": "BROOKLYN", "state": "NY", "zip": "11201-3548", "ntee": "N60", "ruling": "202301", "deductibility": "1", "assets": 0, "income": 0, "revenue": 0}, {"ein": "883541803", "name": "LO CAL-LY UNITED FOR CHANGE INC", "city": "STATEN ISLAND", "state": "NY", "zip": "10302-1127", "ntee": "P50", "ruling": "202208", "deductibility": "1", "assets": 12800, "income": 15900, "revenue": 13900}, {"ein": "883893020", "name": "CENTRAL ISLIP CONNECTS FOR CHANGE INC", "city": "CENTRAL ISLIP", "state": "NY", "zip": "11722-1221", "ntee": "S20", "ruling": "202209", "deductibility": "1", "assets": 0, "income": 0, "revenue": 0}, {"ein": "900347837", "name": "FRIENDS OF CHESS FOR CHANGE INC", "city": "PURCHASE", "state": "NY", "zip": "10577-1901", "ntee": "Q30", "ruling": "200812", "deductibility": "1", "assets": 0, "income": 0, "revenue": 0}, {"ein": "900476159", "name": "INSTITUTE FOR CONSCIOUS GLOBAL CHANGE", "city": "NEW YORK", "state": "NY", "zip": "10025-4302", "ntee": "B99", "ruling": "201012", "deductibility": "1", "assets": 1876, "income": 3440, "revenue": 3440}, {"ein": "921214941", "name": "BLK SQUARES CHANGE FOR CHANGE INC", "city": "FARMINGDALE", "state": "NY", "zip": "11735-6827", "ntee": "P20", "ruling": "202301", "deductibility": "1", "assets": 0, "income": 0, "revenue": 0}, {"ein": "921699892", "name": "CHANGE COMES FROM WITHIN INC", "city": "CHEEKTOWAGA", "state": "NY", "zip": "14215-3611", "ntee": "I21", "ruling": "202404", "deductibility": "1", "assets": 0, "income": 0, "revenue": 0}, {"ein": "923587951", "name": "ORGANIZED FOR CHANGE INC", "city": "BROOKLYN", "state": "NY", "zip": "11212-5746", "ntee": "L30", "ruling": "202308", "deductibility": "1", "assets": 0, "income": 0, "revenue": 0}, {"ein": "923941712", "name": "D&G COMMUNITY CHANGE FOUNDATION INC", "city": "BRONX", "state": "NY", "zip": "10460-0322", "ntee": "E60", "ruling": "202306", "deductibility": "1", "assets": 0, "income": 0, "revenue": 0}, {"ein": "931345618", "name": "A BUTTERFLY FOR CHANGE INC", "city": "STATEN ISLAND", "state": "NY", "zip": "10309-1707", "ntee": "T99", "ruling": "202307", "deductibility": "1", "assets": 0, "income": 0, "revenue": 0}, {"ein": "931526552", "name": "FLYING CHANGE FOUNDATION INC", "city": "WILLSBORO", "state": "NY", "zip": "12996-3511", "ntee": "N69", "ruling": "202404", "deductibility": "1", "assets": 0, "income": 0, "revenue": 0}, {"ein": "931681777", "name": "NURSES FOR CHANGE INC", "city": "SCHENECTADY", "state": "NY", "zip": "12303-4903", "ntee": "E03", "ruling": "202306", "deductibility": "1", "assets": 0, "income": 0, "revenue": 0}, {"ein": "933182112", "name": "ENTREPRENEURS FOR GLOBAL CHANGE INC", "city": "NEW YORK", "state": "NY", "zip": "10018-9243", "ntee": "S30", "ruling": "202405", "deductibility": "1", "assets": 181924, "income": 203014, "revenue": 203014}, {"ein": "933418081", "name": "STRIVE FOR CHANGE INC", "city": "PRT JEFFERSON", "state": "NY", "zip": "11777-2117", "ntee": "L41", "ruling": "202402", "deductibility": "1", "assets": 0, "income": 0, "revenue": 0}, {"ein": "933713710", "name": "TOGETHER FOR CHANGE INC", "city": "YONKERS", "state": "NY", "zip": "10705-1627", "ntee": "Q33", "ruling": "202405", "deductibility": "1", "assets": 0, "income": 0, "revenue": 0}, {"ein": "990724878", "name": "TARA FOR CHANGE INC", "city": "NEW YORK", "state": "NY", "zip": "10013-2816", "ntee": "S20", "ruling": "202402", "deductibility": "1", "assets": 0, "income": 0, "revenue": 0}, {"ein": "990941524", "name": "CATALYST FOR CHANGE LIVE LOVE CARE INC", "city": "MIDDLETOWN", "state": "NY", "zip": "10940-3022", "ntee": "X20", "ruling": "202405", "deductibility": "1", "assets": 0, "income": 0, "revenue": 0}, {"ein": "991353854", "name": "PEERS FOR CHANGE CORPORATION", "city": "MIDDLE VLG", "state": "NY", "zip": "11379-1950", "ntee": "O50", "ruling": "202402", "deductibility": "1", "assets": 0, "income": 0, "revenue": 0}, {"ein": "992169142", "name": "PLAY FOR CHANGE", "city": "BROOKLYN", "state": "NY", "zip": "11231-1036", "ntee": "O50", "ruling": "202406", "deductibility": "1", "assets": 0, "income": 0, "revenue": 0}, {"ein": "993354272", "name": "MAKING A CHANGE WITH KINDNESS INC", "city": "STATEN ISLAND", "state": "NY", "zip": "10303-2713", "ntee": "O50", "ruling": "202502", "deductibility": "1", "assets": 0, "income": 0, "revenue": 0}, {"ein": "993377445", "name": "OPERATION CHANGE LET THE CHILDREN COME FOUNDATION CORP", "city": "BRONX", "state": "NY", "zip": "10469-3311", "ntee": "B82", "ruling": "202408", "deductibility": "1", "assets": 4231, "income": 9000, "revenue": 9000}, {"ein": "994343713", "name": "BE THE CHANGE ANIMAL RESCUE INC", "city": "SAG HARBOR", "state": "NY", "zip": "11963-3442", "ntee": "D20", "ruling": "202408", "deductibility": "1", "assets": 0, "income": 0, "revenue": 0}], "DAVID": [{"ein": "010681969", "name": "AMERICAN FRIENDS OF YESHIVA ZICHRON DAVID", "city": "FLUSHING", "state": "NY", "zip": "11367-0000", "ntee": "A11", "ruling": "200302", "deductibility": "1", "assets": 45329, "income": 241495, "revenue": 241495}, {"ein": "030433540", "name": "THE DAVID AND JUDY FLEISCHER FOUNDATION", "city": "NEW YORK", "state": "NY", "zip": "10022-0000", "ntee": "T20", "ruling": "200210", "deductibility": "1", "assets": 2968740, "income": 0, "revenue": 0}, {"ein": "046036508", "name": "TRUST UW DAVID S LYNCH", "city": "BUFFALO", "state": "NY", "zip": "14240-1504", "ntee": "", "ruling": "199008", "deductibility": "1", "assets": 135697, "income": 18874, "revenue": 9976}, {"ein": "050618564", "name": "CONGREGATION MAGEN DAVID OF MANHATTAN", "city": "BROOKLYN", "state": "NY", "zip": "11223-1902", "ntee": "X30", "ruling": "201504", "deductibility": "1", "assets": 62572, "income": 769134, "revenue": 769134}, {"ein": "061505740", "name": "GMACH KAREN ELYE DAVID INC", "city": "MONROE", "state": "NY", "zip": "10950-3800", "ntee": "X30Z", "ruling": "199804", "deductibility": "1", "assets": 0, "income": 0, "revenue": 0}, {"ein": "061565092", "name": "DAVID JOSEPH FOUNDATION", "city": "BROOKLYN", "state": "NY", "zip": "11230-3971", "ntee": "T20", "ruling": "200002", "deductibility": "1", "assets": 295877, "income": 32847, "revenue": 0}, {"ein": "061663391", "name": "BAIS ELIYOHU DAVID", "city": "MONSEY", "state": "NY", "zip": "10952-2853", "ntee": "X30", "ruling": "200309", "deductibility": "1", "assets": 0, "income": 0, "revenue": 0}, {"ein": "111660859", "name": "BETH DAVID GERSHON TALMUD TORAH", "city": "BROOKLYN", "state": "NY", "zip": "11225-3219", "ntee": "", "ruling": "197705", "deductibility": "1", "assets": 0, "income": 0, "revenue": 0}, {"ein": "111666839", "name": "MAGEN DAVID YESHIVAH", "city": "BROOKLYN", "state": "NY", "zip": "11223-2940", "ntee": "", "ruling": "197312", "deductibility": "1", "assets": 0, "income": 0, "revenue": 0}, {"ein": "111713401", "name": "MAGEN DAVID CONGREGATION INC", "city": "NEW YORK", "state": "NY", "zip": "10018-7902", "ntee": "X30", "ruling": "200809", "deductibility": "1", "assets": 0, "income": 0, "revenue": 0}, {"ein": "111973312", "name": "TEMPLE BETH DAVID", "city": "COMMACK", "state": "NY", "zip": "11725-4403", "ntee": "", "ruling": "197608", "deductibility": "1", "assets": 0, "income": 0, "revenue": 0}, {"ein": "112422207", "name": "AMERICAN FRIENDS OF SUCATH DAVID INC", "city": "BROOKLYN", "state": "NY", "zip": "11223-0000", "ntee": "Q99Z", "ruling": "197707", "deductibility": "1", "assets": 159109, "income": 692069, "revenue": 692069}, {"ein": "112444764", "name": "MACHNEH NAARIM C O DAVID PRESSER", "city": "BROOKLYN", "state": "NY", "zip": "11204-1209", "ntee": "", "ruling": "197803", "deductibility": "1", "assets": 0, "income": 0, "revenue": 0}, {"ein": "112444805", "name": "KEW GARDENS HILLS ERUV COMMITTEE INC C O M DAVID GRAUBARD", "city": "FLUSHING", "state": "NY", "zip": "11367-3433", "ntee": "", "ruling": "197803", "deductibility": "1", "assets": 0, "income": 0, "revenue": 0}, {"ein": "112455275", "name": "BETH DAVID INC", "city": "NEW YORK", "state": "NY", "zip": "10010-7002", "ntee": "", "ruling": "196912", "deductibility": "1", "assets": 0, "income": 0, "revenue": 0}, {"ein": "112518722", "name": "HOUSE OF DAVID WORSHIP CENTER", "city": "BROOKLYN", "state": "NY", "zip": "11207-7209", "ntee": "", "ruling": "198003", "deductibility": "1", "assets": 0, "income": 0, "revenue": 0}, {"ein": "112542647", "name": "OR YESCHA INCC/O DAVID ROSENBAUM", "city": "BROOKLYN", "state": "NY", "zip": "11206-3071", "ntee": "", "ruling": "198010", "deductibility": "1", "assets": 0, "income": 0, "revenue": 0}, {"ein": "112572430", "name": "BNEI DAVID FAMILY SOCIETY INC", "city": "KINGSTON", "state": "NY", "zip": "12401-6432", "ntee": "Y50", "ruling": "200206", "deductibility": "1", "assets": 0, "income": 0, "revenue": 0}, {"ein": "112626220", "name": "BNAI DAVID INC", "city": "BROOKLYN", "state": "NY", "zip": "11213-5338", "ntee": "", "ruling": "198301", "deductibility": "1", "assets": 0, "income": 0, "revenue": 0}, {"ein": "112633041", "name": "CONGREGATION BETH DAVID INC", "city": "BELLE HARBOR", "state": "NY", "zip": "11694-0000", "ntee": "", "ruling": "198305", "deductibility": "1", "assets": 0, "income": 0, "revenue": 0}, {"ein": "112642643", "name": "CONGREGATION MINCHAS DAVID INC", "city": "BROOKLYN", "state": "NY", "zip": "11211-8511", "ntee": "", "ruling": "198308", "deductibility": "1", "assets": 0, "income": 0, "revenue": 0}, {"ein": "112714115", "name": "KETER DAVID INC", "city": "BROOKLYN", "state": "NY", "zip": "11230-4714", "ntee": "", "ruling": "198503", "deductibility": "1", "assets": 0, "income": 0, "revenue": 0}, {"ein": "112750798", "name": "DARCHEI DAVID FOUNDATION", "city": "BROOKLYN", "state": "NY", "zip": "11223-2943", "ntee": "", "ruling": "198704", "deductibility": "1", "assets": 5531858, "income": 2114794, "revenue": 2114794}, {"ein": "112863716", "name": "DAVID A AND SHOSHANNA WINGATE FOUNDATION INC", "city": "OLD WESTBURY", "state": "NY", "zip": "11568-1527", "ntee": "", "ruling": "198712", "deductibility": "1", "assets": 1656015, "income": 1014936, "revenue": 0}, {"ein": "112870765", "name": "CONGREGATION ANSHEI YOSEF DAVID", "city": "BROOKLYN", "state": "NY", "zip": "11211-8181", "ntee": "", "ruling": "198712", "deductibility": "1", "assets": 0, "income": 0, "revenue": 0}, {"ein": "112910261", "name": "DAVID & ESTER BISTRICER FOUNDATION", "city": "BROOKLYN", "state": "NY", "zip": "11219-2539", "ntee": "", "ruling": "198912", "deductibility": "1", "assets": 70, "income": 1, "revenue": 0}, {"ein": "112965622", "name": "JEWISH PROFESSIONALS INSTITUTE- BETH DAVID INC", "city": "BROOKLYN", "state": "NY", "zip": "11210-5038", "ntee": "", "ruling": "199403", "deductibility": "1", "assets": 2177, "income": 2098, "revenue": 2098}, {"ein": "113015593", "name": "DAVID & DOVETTA WILSON SCHOLARSHIP FUND", "city": "ELMONT", "state": "NY", "zip": "11003-3926", "ntee": "B82Z", "ruling": "199202", "deductibility": "1", "assets": 220832, "income": 68658, "revenue": 68658}, {"ein": "113067750", "name": "BNEI DAVID", "city": "BROOKLYN", "state": "NY", "zip": "11210-3714", "ntee": "", "ruling": "199109", "deductibility": "1", "assets": 0, "income": 0, "revenue": 0}, {"ein": "113075981", "name": "OHEL DAVID", "city": "BROOKLYN", "state": "NY", "zip": "11210-3714", "ntee": "", "ruling": "199111", "deductibility": "1", "assets": 0, "income": 0, "revenue": 0}, {"ein": "113079873", "name": "CONGREGATION BINYAN DAVID DMONTIVEDID", "city": "BROOKLYN", "state": "NY", "zip": "11210-3714", "ntee": "", "ruling": "199203", "deductibility": "1", "assets": 0, "income": 0, "revenue": 0}, {"ein": "113101365", "name": "ZEMACH-DAVID CONGREGATION OF HILLCREST", "city": "BROOKLYN", "state": "NY", "zip": "11210-3714", "ntee": "", "ruling": "199208", "deductibility": "1", "assets": 0, "income": 0, "revenue": 0}, {"ein": "113162189", "name": "MAGEN DAVID OF BELLE HARBOR", "city": "BELLE HARBOR", "state": "NY", "zip": "11694-1203", "ntee": "X99Z", "ruling": "199807", "deductibility": "1", "assets": 0, "income": 0, "revenue": 0}, {"ein": "113201990", "name": "DAVID MINKIN RESIDENCE HOUSING DEVELOPMENT FUND COMPANY INC", "city": "BROOKLYN", "state": "NY", "zip": "11201-4306", "ntee": "", "ruling": "194603", "deductibility": "1", "assets": 4694249, "income": 1364261, "revenue": 1364261}, {"ein": "113208317", "name": "DAVID KOZICKI MEMORIAL FOUNDATION", "city": "MONSEY", "state": "NY", "zip": "10952-0000", "ntee": "T20J", "ruling": "199504", "deductibility": "1", "assets": 1657678, "income": 708031, "revenue": 0}, {"ein": "113215108", "name": "DAVID AND CHAYA ZAHLER FOUNDATION INC", "city": "MONSEY", "state": "NY", "zip": "10952-1301", "ntee": "T20", "ruling": "201502", "deductibility": "1", "assets": 427948, "income": 3974685, "revenue": 0}, {"ein": "113280482", "name": "CONGREGATION BEIS DAVID", "city": "BROOKLYN", "state": "NY", "zip": "11205-1984", "ntee": "X30", "ruling": "200002", "deductibility": "1", "assets": 0, "income": 0, "revenue": 0}, {"ein": "113344408", "name": "CONG ZICHRON DAVID", "city": "BROOKLYN", "state": "NY", "zip": "11211-0320", "ntee": "X30Z", "ruling": "199611", "deductibility": "1", "assets": 0, "income": 0, "revenue": 0}, {"ein": "113383326", "name": "MT ST DAVID CAMP SBCH INC", "city": "BROOKLYN", "state": "NY", "zip": "11212-2728", "ntee": "X21", "ruling": "200004", "deductibility": "1", "assets": 0, "income": 0, "revenue": 0}, {"ein": "113402788", "name": "DAVID & PAULA FISHMAN CHARITABLE TR", "city": "NEW YORK", "state": "NY", "zip": "10016-0000", "ntee": "T20Z", "ruling": "199712", "deductibility": "1", "assets": 1, "income": 1, "revenue": 0}, {"ein": "113410706", "name": "DAVID AND GISELA KING FOUNDATION INC", "city": "GARDEN CITY", "state": "NY", "zip": "11530-1601", "ntee": "L20Z", "ruling": "199803", "deductibility": "1", "assets": 841355, "income": 41103, "revenue": 0}, {"ein": "113433879", "name": "CONGREGATION BNEI DAVID INC", "city": "BROOKLYN", "state": "NY", "zip": "11219-3863", "ntee": "", "ruling": "199605", "deductibility": "1", "assets": 0, "income": 0, "revenue": 0}, {"ein": "113463132", "name": "CONG KEREN DAVID AND FREE LOAN SOCIETY INC", "city": "BROOKLYN", "state": "NY", "zip": "11214-1506", "ntee": "X20", "ruling": "199903", "deductibility": "1", "assets": 0, "income": 0, "revenue": 0}, {"ein": "113466176", "name": "FRIENDS OF IR DAVID INC", "city": "NEW YORK", "state": "NY", "zip": "10005-4301", "ntee": "Q122", "ruling": "199905", "deductibility": "1", "assets": 14519715, "income": 24187388, "revenue": 24187388}, {"ein": "113488337", "name": "DAVID CENTER INC", "city": "HUNTINGTON", "state": "NY", "zip": "11743-6530", "ntee": "G84", "ruling": "199912", "deductibility": "1", "assets": 0, "income": 0, "revenue": 0}, {"ein": "113522289", "name": "YISROEL DAVID CHARITABLE FOUNDATION", "city": "BROOKLYN", "state": "NY", "zip": "11204-1051", "ntee": "T22", "ruling": "200003", "deductibility": "1", "assets": 146673, "income": 352827, "revenue": 0}, {"ein": "113539012", "name": "M T DAVID INC", "city": "BROOKLYN", "state": "NY", "zip": "11211-7855", "ntee": "X40", "ruling": "200006", "deductibility": "1", "assets": 0, "income": 0, "revenue": 0}, {"ein": "116035648", "name": "DAVID HECKLER FOUNDATION", "city": "ARMONK", "state": "NY", "zip": "10504-1108", "ntee": "", "ruling": "195904", "deductibility": "1", "assets": 7599, "income": 1, "revenue": 0}, {"ein": "116038062", "name": "DAVID & MINNIE BERK FOUNDATION INC", "city": "MOUNT KISCO", "state": "NY", "zip": "10549-3010", "ntee": "", "ruling": "196208", "deductibility": "1", "assets": 1206122, "income": 491388, "revenue": 0}, {"ein": "116084667", "name": "FIRST TEMPLE OF THE HOUSE OF DAVID INC", "city": "BROOKLYN", "state": "NY", "zip": "11207-5402", "ntee": "X20", "ruling": "202208", "deductibility": "1", "assets": 0, "income": 0, "revenue": 0}, {"ein": "116519669", "name": "DAVID AND ESTHER GOLDSTEIN CHARITABLE FNDTN TR UA 05181999", "city": "BROOKLYN", "state": "NY", "zip": "11204-1416", "ntee": "T22", "ruling": "200004", "deductibility": "1", "assets": 1791987, "income": 625519, "revenue": 0}, {"ein": "116597101", "name": "DAVID AND CHERYL UNTERBERG CHARITABLE FOUNDATION TRUST", "city": "GREAT NECK", "state": "NY", "zip": "11021-4704", "ntee": "T21", "ruling": "200706", "deductibility": "1", "assets": 37189, "income": 241000, "revenue": 0}, {"ein": "131740041", "name": "SHIELD OF DAVID INC", "city": "FLUSHING", "state": "NY", "zip": "11354-6252", "ntee": "P820", "ruling": "193711", "deductibility": "1", "assets": 24907151, "income": 31518051, "revenue": 31518051}, {"ein": "131790719", "name": "AMERICAN FRIENDS OF MAGEN DAVID ADOM", "city": "NEW YORK", "state": "NY", "zip": "10018-9784", "ntee": "Q113", "ruling": "197208", "deductibility": "1", "assets": 322342838, "income": 318307491, "revenue": 288511110}, {"ein": "132754317", "name": "CONGREGATION BETH DAVID", "city": "MONSEY", "state": "NY", "zip": "10952-0136", "ntee": "", "ruling": "196409", "deductibility": "1", "assets": 0, "income": 0, "revenue": 0}, {"ein": "132900395", "name": "CONGREGATION ZEMACH DAVID", "city": "AIRMONT", "state": "NY", "zip": "10952-4501", "ntee": "", "ruling": "198907", "deductibility": "1", "assets": 0, "income": 0, "revenue": 0}, {"ein": "132932531", "name": "DAVID B KRISER FOUNDATION INC", "city": "NEW YORK", "state": "NY", "zip": "10075-1721", "ntee": "", "ruling": "197804", "deductibility": "1", "assets": 6853687, "income": 8938403, "revenue": 0}, {"ein": "133000472", "name": "DAVID HOWARD FOUNDATION INC", "city": "NEW YORK", "state": "NY", "zip": "10018-0000", "ntee": "", "ruling": "197912", "deductibility": "1", "assets": 0, "income": 0, "revenue": 0}, {"ein": "133055685", "name": "CONGREAGATION ZEMACH DAVID OF WILLIAMSBURG INC", "city": "BROOKLYN", "state": "NY", "zip": "11211-8919", "ntee": "", "ruling": "198003", "deductibility": "1", "assets": 0, "income": 0, "revenue": 0}, {"ein": "133178179", "name": "THE DAVID AND LUCILLE GILDIN FAMILY FOUNDATION INC", "city": "BRONX", "state": "NY", "zip": "10463-4716", "ntee": "", "ruling": "198311", "deductibility": "1", "assets": 1090304, "income": 108695, "revenue": 0}, {"ein": "133240809", "name": "THE MICHEL DAVID WEILL FOUNDATION", "city": "NEW YORK", "state": "NY", "zip": "10001-1868", "ntee": "", "ruling": "198508", "deductibility": "1", "assets": 415, "income": 3, "revenue": 0}, {"ein": "133343293", "name": "DAVID P NOLAN FOUNDATION INC", "city": "NEW YORK", "state": "NY", "zip": "10033-0000", "ntee": "", "ruling": "198606", "deductibility": "1", "assets": 2479793, "income": 117448, "revenue": 0}, {"ein": "133348613", "name": "THE BARNARD FAMILY FOUNDATION INC C/O DAVID BARNARD", "city": "NEW YORK", "state": "NY", "zip": "10029-0000", "ntee": "", "ruling": "198608", "deductibility": "1", "assets": 1, "income": 1, "revenue": 0}, {"ein": "133354308", "name": "ROBERT DAVID LION GARDINER FOUNDATION INC", "city": "RIVERHEAD", "state": "NY", "zip": "11901-2806", "ntee": "", "ruling": "198505", "deductibility": "1", "assets": 66968513, "income": 38231534, "revenue": 0}, {"ein": "133501179", "name": "DAVID M LEUSCHEN FOUNDATION", "city": "NEW YORK", "state": "NY", "zip": "10019-0000", "ntee": "", "ruling": "199003", "deductibility": "1", "assets": 1405, "income": 52079, "revenue": 0}, {"ein": "133533359", "name": "THE DAVID ROCKEFELLER FUND INC", "city": "NEW YORK", "state": "NY", "zip": "10115-0002", "ntee": "", "ruling": "198909", "deductibility": "1", "assets": 63250282, "income": 30550271, "revenue": 0}, {"ein": "133603665", "name": "KHAL BINYAN DAVID D IHEL", "city": "MONSEY", "state": "NY", "zip": "10952-2564", "ntee": "", "ruling": "199206", "deductibility": "1", "assets": 0, "income": 0, "revenue": 0}, {"ein": "133753217", "name": "DAVID BERG FOUNDATION INC", "city": "NEW YORK", "state": "NY", "zip": "10021-4129", "ntee": "", "ruling": "199403", "deductibility": "1", "assets": 92563422, "income": 36514806, "revenue": 0}, {"ein": "133800403", "name": "DAVID HOCHBERG FOUNDATION", "city": "NEW YORK", "state": "NY", "zip": "10020-1605", "ntee": "T20Z", "ruling": "199603", "deductibility": "1", "assets": 5217041, "income": 542091, "revenue": 0}, {"ein": "133936476", "name": "THE HERMINE AND DAVID HELLER FOUNDATION", "city": "NEW YORK", "state": "NY", "zip": "10274-0073", "ntee": "T20Z", "ruling": "199709", "deductibility": "1", "assets": 26774241, "income": 6739972, "revenue": 0}, {"ein": "133958121", "name": "DAVID F & FRANCES EBERHART FOUNDATION", "city": "NEW YORK", "state": "NY", "zip": "10128-4801", "ntee": "I20Z", "ruling": "199807", "deductibility": "1", "assets": 7019956, "income": 3046449, "revenue": 0}, {"ein": "133964342", "name": "CONG MIDRASH DAVID", "city": "STATEN ISLAND", "state": "NY", "zip": "10314-5027", "ntee": "X30Z", "ruling": "199711", "deductibility": "1", "assets": 0, "income": 0, "revenue": 0}, {"ein": "133976351", "name": "DAVID MERRICK AND NATALIE LLOYD FOUNDATION INC", "city": "NEW YORK", "state": "NY", "zip": "10123-1308", "ntee": "A60Z", "ruling": "199803", "deductibility": "1", "assets": 1, "income": 1, "revenue": 0}, {"ein": "133976359", "name": "DAVID MERRICK ARTS FOUNDATION INC", "city": "NEW YORK", "state": "NY", "zip": "10123-1308", "ntee": "A20", "ruling": "199804", "deductibility": "1", "assets": 105655, "income": 908, "revenue": 0}, {"ein": "134007196", "name": "DAVID CONE FOUNDATION INC", "city": "NEW YORK", "state": "NY", "zip": "10028-0000", "ntee": "T30", "ruling": "199903", "deductibility": "1", "assets": 32524, "income": 239845, "revenue": 89845}, {"ein": "134010543", "name": "DAVID S HOWE FOUNDATION", "city": "WOODBURY", "state": "NY", "zip": "11797-2925", "ntee": "T20", "ruling": "199901", "deductibility": "1", "assets": 9557158, "income": 136484, "revenue": 0}, {"ein": "134012861", "name": "HOUSE OF DAVID CHURCH", "city": "BRONX", "state": "NY", "zip": "10469-2637", "ntee": "X21", "ruling": "200005", "deductibility": "1", "assets": 0, "income": 0, "revenue": 0}, {"ein": "134018490", "name": "NETZACH DAVID-KESHARIM", "city": "FLUSHING", "state": "NY", "zip": "11367-1717", "ntee": "X30", "ruling": "199812", "deductibility": "1", "assets": 0, "income": 0, "revenue": 0}, {"ein": "134036266", "name": "DAVID J MASTROCOLA FOUNDATION", "city": "PLAINVIEW", "state": "NY", "zip": "11803-0331", "ntee": "T20", "ruling": "199904", "deductibility": "1", "assets": 334790, "income": 274839, "revenue": 0}, {"ein": "134087830", "name": "DAVID A DECHMAN FOUNDATION", "city": "NEW YORK", "state": "NY", "zip": "10017-0000", "ntee": "T22", "ruling": "200010", "deductibility": "1", "assets": 4967954, "income": 5807831, "revenue": 0}, {"ein": "134088264", "name": "DAVID FAMILY FOUNDATION INC", "city": "NEW YORK", "state": "NY", "zip": "10024-0000", "ntee": "T122", "ruling": "200001", "deductibility": "1", "assets": 3071743, "income": 1280705, "revenue": 0}, {"ein": "134090442", "name": "ABBY AND DAVID COHEN FAMILY FOUNDATION", "city": "NEW YORK", "state": "NY", "zip": "10274-0073", "ntee": "T22", "ruling": "200012", "deductibility": "1", "assets": 4227163, "income": 2785377, "revenue": 0}, {"ein": "134110021", "name": "DAVID KIMMEL FOUNDATION", "city": "NEW YORK", "state": "NY", "zip": "10119-0000", "ntee": "T20", "ruling": "200006", "deductibility": "1", "assets": 6306801, "income": 1747961, "revenue": 0}, {"ein": "134187182", "name": "DAVID SHREETY COHEN FOUNDATION INC", "city": "BROOKLYN", "state": "NY", "zip": "11223-1932", "ntee": "T22", "ruling": "200112", "deductibility": "1", "assets": 22866, "income": 1, "revenue": 0}, {"ein": "134199760", "name": "DAVID M KIES FAMILY FOUNDATION", "city": "NEW YORK", "state": "NY", "zip": "10004-0000", "ntee": "X21", "ruling": "200203", "deductibility": "1", "assets": 500626, "income": 115445, "revenue": 0}, {"ein": "136042010", "name": "DAVID A HAAS ETAL MEMORIAL TR", "city": "NEW YORK", "state": "NY", "zip": "10008-1297", "ntee": "", "ruling": "194404", "deductibility": "1", "assets": 206940, "income": 44950, "revenue": 0}, {"ein": "136053998", "name": "DAVID M MAHOOD FUND NO 121964", "city": "NEW YORK", "state": "NY", "zip": "10013-2362", "ntee": "", "ruling": "194506", "deductibility": "1", "assets": 424834, "income": 126397, "revenue": 0}, {"ein": "136085606", "name": "RUTH AND DAVID A GOODKIND FOUNDATION INC", "city": "NEW YORK", "state": "NY", "zip": "10016-0111", "ntee": "T20", "ruling": "202104", "deductibility": "1", "assets": 497194, "income": 35943, "revenue": 0}, {"ein": "136091593", "name": "DAVID GOLDSTEIN FOUNDATION INC", "city": "MAMARONECK", "state": "NY", "zip": "10543-4537", "ntee": "", "ruling": "194910", "deductibility": "1", "assets": 75346, "income": 6338, "revenue": 0}, {"ein": "136098429", "name": "DAVID M & HOPE G SOLINGER FOUNDATION INC", "city": "NEW YORK", "state": "NY", "zip": "10023-0000", "ntee": "", "ruling": "194805", "deductibility": "1", "assets": 100810, "income": 19741, "revenue": 0}, {"ein": "136099447", "name": "ANNA & DAVID ZIMMERMAN FOUNDATION INC", "city": "NEW YORK", "state": "NY", "zip": "10025-7659", "ntee": "", "ruling": "195602", "deductibility": "1", "assets": 263841, "income": 17954, "revenue": 0}, {"ein": "136125004", "name": "DAVID FOUNDATION INC", "city": "NEW YORK", "state": "NY", "zip": "10065-4907", "ntee": "", "ruling": "194904", "deductibility": "1", "assets": 192742, "income": 30201, "revenue": 0}, {"ein": "136130092", "name": "DAVID TYSON FOUNDATION INC", "city": "NEW YORK", "state": "NY", "zip": "10003-7028", "ntee": "", "ruling": "196010", "deductibility": "1", "assets": 180764, "income": 203653, "revenue": 0}, {"ein": "136130525", "name": "DAVID & SYLVIA TEITELBAUM FUND INC", "city": "BEARSVILLE", "state": "NY", "zip": "12409-5709", "ntee": "", "ruling": "196302", "deductibility": "1", "assets": 671803, "income": 217443, "revenue": 0}, {"ein": "136164157", "name": "DAVID & SADIE TRAUM FOUNDATION INC", "city": "NEW YORK", "state": "NY", "zip": "10024-0000", "ntee": "", "ruling": "196412", "deductibility": "1", "assets": 212041, "income": 30845, "revenue": 0}, {"ein": "136179414", "name": "DAVID & LAURA FINN FAMILY FOUNDATION INC", "city": "NEW YORK", "state": "NY", "zip": "10022-5120", "ntee": "", "ruling": "196507", "deductibility": "1", "assets": 91062, "income": 1, "revenue": 0}, {"ein": "136209280", "name": "THE DAVID AND ALAN GREENE FAMILY FOUNDATION INC", "city": "NEW YORK", "state": "NY", "zip": "10104-0000", "ntee": "", "ruling": "196611", "deductibility": "1", "assets": 25056835, "income": 8080608, "revenue": 0}, {"ein": "136892493", "name": "ANN AND DAVID KUPPERMAN FOUNDATION", "city": "BROOKLYN", "state": "NY", "zip": "11210-0068", "ntee": "", "ruling": "198805", "deductibility": "1", "assets": 1551476, "income": 2705716, "revenue": 0}, {"ein": "137010462", "name": "YAD YOSEF C/O DAVID OZEIREY", "city": "BROOKLYN", "state": "NY", "zip": "11230-4001", "ntee": "", "ruling": "199307", "deductibility": "1", "assets": 0, "income": 0, "revenue": 0}, {"ein": "137014537", "name": "RUTH AND DAVID SUTTON FAMILY FOUNDATION", "city": "NEW YORK", "state": "NY", "zip": "10001-3306", "ntee": "", "ruling": "202411", "deductibility": "1", "assets": 27381, "income": 85787, "revenue": 0}, {"ein": "137076152", "name": "THE DAVID EISENBERG FOUNDATION", "city": "SPRING VALLEY", "state": "NY", "zip": "10977-1908", "ntee": "T20J", "ruling": "199611", "deductibility": "1", "assets": 1, "income": 1, "revenue": 0}, {"ein": "137103244", "name": "JOAN C AND DAVID HENLE FOUNDATION", "city": "BRONXVILLE", "state": "NY", "zip": "10708-2403", "ntee": "T20J", "ruling": "199803", "deductibility": "1", "assets": 8806068, "income": 7205149, "revenue": 0}, {"ein": "137200887", "name": "THE@DAVID HIMELBERG FOUNDATION", "city": "NEW YORK", "state": "NY", "zip": "10019-0000", "ntee": "T22", "ruling": "199912", "deductibility": "1", "assets": 8159960, "income": 1495712, "revenue": 0}, {"ein": "160743046", "name": "DAVID A HOWE PUBLIC LIBRARY", "city": "WELLSVILLE", "state": "NY", "zip": "14895-1149", "ntee": "B70", "ruling": "194104", "deductibility": "1", "assets": 5824389, "income": 1398184, "revenue": 1398184}, {"ein": "160768758", "name": "DAVID HOCHSTEIN MEMORIAL MUSIC SCHOOL INC", "city": "ROCHESTER", "state": "NY", "zip": "14614-1221", "ntee": "A6E0", "ruling": "196202", "deductibility": "1", "assets": 10964333, "income": 4783251, "revenue": 4469833}, {"ein": "161159508", "name": "FRIENDS OF THE DAVID A HOWE PUBLIC LIBRARY", "city": "WELLSVILLE", "state": "NY", "zip": "14895-1149", "ntee": "", "ruling": "202001", "deductibility": "1", "assets": 0, "income": 0, "revenue": 0}, {"ein": "161488882", "name": "LORD JESUS CHRIST TABERNACLE OF DAVID INC", "city": "UTICA", "state": "NY", "zip": "13503-0160", "ntee": "X21Z", "ruling": "199603", "deductibility": "1", "assets": 0, "income": 0, "revenue": 0}, {"ein": "161527441", "name": "ANN M AND DAVID E HARDEN FOUNDATION INC", "city": "LAKE PLACID", "state": "NY", "zip": "12946-3247", "ntee": "T22Z", "ruling": "199811", "deductibility": "1", "assets": 45488, "income": 22167, "revenue": 0}, {"ein": "161650262", "name": "MAGEN DAVID", "city": "FLUSHING", "state": "NY", "zip": "11367-2340", "ntee": "X30", "ruling": "200304", "deductibility": "1", "assets": 0, "income": 0, "revenue": 0}, {"ein": "166154274", "name": "CHERRY VALLEY HISTORICAL ASSOC C O DAVID CORNELIA", "city": "CHERRY VALLEY", "state": "NY", "zip": "13320-0000", "ntee": "A54", "ruling": "201509", "deductibility": "1", "assets": 0, "income": 0, "revenue": 0}, {"ein": "200482796", "name": "DAVID R STEINHARDT FOUNDATION", "city": "NEW YORK", "state": "NY", "zip": "10019-4108", "ntee": "T22", "ruling": "200405", "deductibility": "1", "assets": 69980, "income": 2007, "revenue": 0}, {"ein": "200599141", "name": "DAVID AND DEBORAH KAZANOVSKY FOUNDATION INC", "city": "NEW YORK", "state": "NY", "zip": "10025-0000", "ntee": "T20", "ruling": "200810", "deductibility": "1", "assets": 410, "income": 1, "revenue": 0}, {"ein": "201043331", "name": "DAVID B SILIPIGNO FOUNDATION", "city": "SARATOGA SPRINGS", "state": "NY", "zip": "12866-0000", "ntee": "T20", "ruling": "200406", "deductibility": "1", "assets": 1, "income": 1, "revenue": 0}, {"ein": "201596839", "name": "MAGEN DAVID SYNAGOGUE", "city": "BROOKLYN", "state": "NY", "zip": "11223-2940", "ntee": "X30", "ruling": "202007", "deductibility": "1", "assets": 0, "income": 0, "revenue": 0}, {"ein": "202079591", "name": "SIMCHAS DAVID FOUNDATION TR", "city": "BROOKLYN", "state": "NY", "zip": "11205-2803", "ntee": "T20", "ruling": "200706", "deductibility": "1", "assets": 1020769, "income": 192007, "revenue": 0}, {"ein": "202578755", "name": "THE KIM AND DAVID WAGMAN FOUNDATION", "city": "PURCHASE", "state": "NY", "zip": "10577-0000", "ntee": "T20", "ruling": "200505", "deductibility": "1", "assets": 23704998, "income": 14541913, "revenue": 0}, {"ein": "203552528", "name": "DAVID H AND CAROL FEINBERG FOUNDATION", "city": "NEW YORK", "state": "NY", "zip": "10022-3078", "ntee": "T22", "ruling": "200510", "deductibility": "1", "assets": 202618, "income": 1, "revenue": 0}, {"ein": "203642458", "name": "DAVID WRIGHT FOUNDATION INC", "city": "BRONXVILLE", "state": "NY", "zip": "10708-3818", "ntee": "T30", "ruling": "200601", "deductibility": "1", "assets": 0, "income": 0, "revenue": 0}, {"ein": "203970976", "name": "DAVID AND DEBRA SEGAL FOUNDATIONINC", "city": "WOODMERE", "state": "NY", "zip": "11598-2540", "ntee": "T22", "ruling": "200611", "deductibility": "1", "assets": 80704, "income": 54252, "revenue": 0}, {"ein": "204081578", "name": "CHASDEI DAVID INC", "city": "BROOKLYN", "state": "NY", "zip": "11249-7557", "ntee": "T30", "ruling": "200806", "deductibility": "1", "assets": 162179, "income": 552432, "revenue": 552432}, {"ein": "204619146", "name": "DAVID DAWES NEE II FOUNDATION", "city": "NEW YORK", "state": "NY", "zip": "10023-0025", "ntee": "F40", "ruling": "200612", "deductibility": "1", "assets": 52818, "income": 650, "revenue": 650}, {"ein": "205681086", "name": "DAVID F AND KAREN K THOMASFOUNDATION", "city": "RYE", "state": "NY", "zip": "10580-1808", "ntee": "T22", "ruling": "200908", "deductibility": "1", "assets": 4207762, "income": 184118, "revenue": 0}, {"ein": "208627047", "name": "CONGREGATION KEDUSHAS DAVID", "city": "BROOKLYN", "state": "NY", "zip": "11204-1418", "ntee": "X30", "ruling": "200809", "deductibility": "1", "assets": 0, "income": 0, "revenue": 0}, {"ein": "222478948", "name": "CHRISTOPHER DAVID LYONS SCHOLARSHIP FUND", "city": "SOUTH NEW BERLIN", "state": "NY", "zip": "13843-0000", "ntee": "", "ruling": "198404", "deductibility": "1", "assets": 44579, "income": 1995, "revenue": 0}, {"ein": "223840864", "name": "DAVID AND ROSLYN SAVITSKY FOUNDATION INC", "city": "NEW ROCHELLE", "state": "NY", "zip": "10804-3712", "ntee": "T22", "ruling": "200204", "deductibility": "1", "assets": 155415, "income": 62219, "revenue": 0}, {"ein": "236674430", "name": "DAVID ROY DETWILER RESIDUAL TRUST", "city": "BUFFALO", "state": "NY", "zip": "14240-1504", "ntee": "T22", "ruling": "200608", "deductibility": "1", "assets": 550559, "income": 227205, "revenue": 0}, {"ein": "237035411", "name": "MONSIGNOR DAVID C GILDEA FOUNDATION FOR BISHOP LUDDEN HIGH SCHOOL", "city": "SYRACUSE", "state": "NY", "zip": "13202-2608", "ntee": "", "ruling": "194603", "deductibility": "1", "assets": 0, "income": 0, "revenue": 0}, {"ein": "237134953", "name": "YESHIVA BINYAN DAVID", "city": "BROOKLYN", "state": "NY", "zip": "11211-8091", "ntee": "", "ruling": "196911", "deductibility": "1", "assets": 0, "income": 0, "revenue": 0}, {"ein": "237271087", "name": "CONGREGATION BIRCHAS DAVID", "city": "BROOKLYN", "state": "NY", "zip": "11219-2632", "ntee": "", "ruling": "197301", "deductibility": "1", "assets": 0, "income": 0, "revenue": 0}, {"ein": "237336683", "name": "DAVID SHAPELL JEWISH CENTER", "city": "BROOKLYN", "state": "NY", "zip": "11204-1260", "ntee": "", "ruling": "197312", "deductibility": "1", "assets": 0, "income": 0, "revenue": 0}, {"ein": "237348764", "name": "CONGREGATION KAHAL BETH DAVID OF ASCHAV", "city": "BROOKLYN", "state": "NY", "zip": "11211-8112", "ntee": "", "ruling": "197402", "deductibility": "1", "assets": 136317, "income": 317839, "revenue": 317839}, {"ein": "237355741", "name": "ESTHER BEN-DAVID MEMORIAL FUND", "city": "SPRING VALLEY", "state": "NY", "zip": "10977-1741", "ntee": "T30", "ruling": "197408", "deductibility": "1", "assets": 0, "income": 0, "revenue": 0}, {"ein": "237406363", "name": "YESHIVA BETH DAVID", "city": "BROOKLYN", "state": "NY", "zip": "11219-4534", "ntee": "", "ruling": "197504", "deductibility": "1", "assets": 0, "income": 0, "revenue": 0}, {"ein": "237415773", "name": "CONGREGATION BINYAN DAVID", "city": "BROOKLYN", "state": "NY", "zip": "11211-8005", "ntee": "", "ruling": "197801", "deductibility": "1", "assets": 0, "income": 0, "revenue": 0}, {"ein": "251702526", "name": "OR DAVID OUTREACH", "city": "CEDARHURST", "state": "NY", "zip": "11516-1921", "ntee": "X30", "ruling": "199510", "deductibility": "1", "assets": 0, "income": 0, "revenue": 0}, {"ein": "260837643", "name": "THE ELIAHOU JOSEPH SHAMAH AND DAVID SHAMAH FOUNDATION INC", "city": "BROOKLYN", "state": "NY", "zip": "11223-3237", "ntee": "T20", "ruling": "200710", "deductibility": "1", "assets": 3250680, "income": 169820, "revenue": 0}, {"ein": "261598679", "name": "DIANNE AND DAVID STERN FOUNDATION", "city": "NEW YORK", "state": "NY", "zip": "10017-0000", "ntee": "T20", "ruling": "200807", "deductibility": "1", "assets": 11375490, "income": 3710842, "revenue": 0}, {"ein": "261606939", "name": "DAVID B PETERSON FOUNDATION", "city": "NEW YORK", "state": "NY", "zip": "10022-4614", "ntee": "T22", "ruling": "200802", "deductibility": "1", "assets": 7093635, "income": 4556300, "revenue": 0}, {"ein": "261612326", "name": "DAVID E MONN CHARITABLE FOUNDATION INC", "city": "NEW YORK", "state": "NY", "zip": "10001-6277", "ntee": "T20", "ruling": "200906", "deductibility": "1", "assets": 137348, "income": 1261, "revenue": 0}, {"ein": "261903128", "name": "BENEI DAVID INC", "city": "BROOKLYN", "state": "NY", "zip": "11223-4129", "ntee": "Q33", "ruling": "201401", "deductibility": "1", "assets": 0, "income": 0, "revenue": 0}, {"ein": "266130052", "name": "DAVID T & KAREN DELLA PENTA CHARITABLE TR", "city": "ROCHESTER", "state": "NY", "zip": "14625-2832", "ntee": "T20", "ruling": "200908", "deductibility": "1", "assets": 1493283, "income": 519543, "revenue": 0}, {"ein": "270516619", "name": "SHEERIT DAVID INC", "city": "BROOKLYN", "state": "NY", "zip": "11223-2731", "ntee": "X30", "ruling": "201205", "deductibility": "1", "assets": 0, "income": 0, "revenue": 0}, {"ein": "271536886", "name": "DAVID AND LUCILLE ROBBINS FOUNDATION INC", "city": "FLORAL PARK", "state": "NY", "zip": "11001-1805", "ntee": "T90", "ruling": "201102", "deductibility": "1", "assets": 1606612, "income": 183435, "revenue": 0}, {"ein": "271936240", "name": "KESSER DAVID INC", "city": "BROOKLYN", "state": "NY", "zip": "11219-5198", "ntee": "P80", "ruling": "201201", "deductibility": "1", "assets": 0, "income": 0, "revenue": 0}, {"ein": "272254863", "name": "DAVID AND PATTI ARESTY FAMILY CHARITABLE FDN INC", "city": "NEW YORK", "state": "NY", "zip": "10017-3216", "ntee": "T21", "ruling": "201103", "deductibility": "1", "assets": 1, "income": 1, "revenue": 0}, {"ein": "272939809", "name": "MIDRASH DAVID FOUNDATION INC", "city": "BROOKLYN", "state": "NY", "zip": "11229-2704", "ntee": "X12", "ruling": "201409", "deductibility": "1", "assets": 13328, "income": 226280, "revenue": 226280}, {"ein": "273033292", "name": "KFAR YELADIM DAVID", "city": "BROOKLYN", "state": "NY", "zip": "11229-1194", "ntee": "P20", "ruling": "201109", "deductibility": "1", "assets": 171113, "income": 403072, "revenue": 403072}, {"ein": "273236813", "name": "TABERNACLE OF DAVID- SBC", "city": "LOCKPORT", "state": "NY", "zip": "14094-5608", "ntee": "X20", "ruling": "201606", "deductibility": "1", "assets": 0, "income": 0, "revenue": 0}, {"ein": "311651175", "name": "DAVID G TAFT FOUNDATION", "city": "NEW YORK", "state": "NY", "zip": "10036-5008", "ntee": "T20", "ruling": "199907", "deductibility": "1", "assets": 628644, "income": 356750, "revenue": 0}, {"ein": "333732069", "name": "DAVID MAJEWSKI FOUNDATION INC", "city": "WESTBURY", "state": "NY", "zip": "11590-4924", "ntee": "T99", "ruling": "202506", "deductibility": "1", "assets": 0, "income": 0, "revenue": 0}, {"ein": "364621851", "name": "TROOPER DAVID C BRINKERHOFF FOUNDATION", "city": "ORCHARD PARK", "state": "NY", "zip": "14127-4617", "ntee": "T30", "ruling": "201508", "deductibility": "1", "assets": 0, "income": 0, "revenue": 0}, {"ein": "432033721", "name": "ETHEL AND DAVID FRANKEL FAMILY FOUNDATION INC", "city": "NEW YORK", "state": "NY", "zip": "10036-4031", "ntee": "T22", "ruling": "200403", "deductibility": "1", "assets": 18106, "income": 812, "revenue": 0}, {"ein": "452389940", "name": "DAVID F CURRERI MEMORIAL SCHOLARSHIP FUND INC", "city": "NARROWSBURG", "state": "NY", "zip": "12764-5609", "ntee": "B82", "ruling": "201111", "deductibility": "1", "assets": 0, "income": 0, "revenue": 0}, {"ein": "452687147", "name": "DAVID K A MORDECAI & SAMANTHA KAPPAGODA CHARITABLE TRUST", "city": "MOHEGAN LAKE", "state": "NY", "zip": "10547-0076", "ntee": "T20", "ruling": "201109", "deductibility": "1", "assets": 12797, "income": 320, "revenue": 0}, {"ein": "453395189", "name": "ADAM DAVID LANGLEY FOUNDATION", "city": "GUILDERLAND", "state": "NY", "zip": "12084-9410", "ntee": "E86", "ruling": "202304", "deductibility": "1", "assets": 94, "income": 6875, "revenue": 0}, {"ein": "454146030", "name": "MAGEN DAVID OF MANHATTEN", "city": "NEW YORK", "state": "NY", "zip": "10012-2506", "ntee": "X30", "ruling": "201711", "deductibility": "1", "assets": 3466062, "income": 359255, "revenue": 187711}, {"ein": "454301089", "name": "YAD DAVID INC", "city": "BROOKLYN", "state": "NY", "zip": "11223-2228", "ntee": "Q12", "ruling": "201312", "deductibility": "1", "assets": 1294196, "income": 4716519, "revenue": 4716519}, {"ein": "455146197", "name": "RUTH & DAVID SUTTON GAMACH INC", "city": "NEW YORK", "state": "NY", "zip": "10001-3306", "ntee": "T23", "ruling": "201311", "deductibility": "1", "assets": 109703, "income": 7000, "revenue": 0}, {"ein": "455194843", "name": "DAVID AND ALICE HUNT FAMILY FOUNDATION", "city": "NEW YORK", "state": "NY", "zip": "10028-0212", "ntee": "T22", "ruling": "201302", "deductibility": "1", "assets": 1712, "income": 1, "revenue": 0}, {"ein": "461269814", "name": "BETH DAVID & MIRIAM INC", "city": "FOREST HILLS", "state": "NY", "zip": "11375-1337", "ntee": "X30", "ruling": "201309", "deductibility": "1", "assets": 0, "income": 0, "revenue": 0}, {"ein": "461350510", "name": "DAVID & FATEN BLACK FOUNDATION INC", "city": "EASTCHESTER", "state": "NY", "zip": "10709-2711", "ntee": "T20", "ruling": "201301", "deductibility": "1", "assets": 790857, "income": 802138, "revenue": 0}, {"ein": "461619656", "name": "DAVID SIMON FOUNDATION", "city": "NEW YORK", "state": "NY", "zip": "10019-9710", "ntee": "T20", "ruling": "201303", "deductibility": "1", "assets": 1582707, "income": 142298, "revenue": 0}, {"ein": "464915376", "name": "CONGREGATION KOLLEL EREV ZEMACH DAVID", "city": "BROOKLYN", "state": "NY", "zip": "11211-6804", "ntee": "X30", "ruling": "201704", "deductibility": "1", "assets": 0, "income": 0, "revenue": 0}, {"ein": "465442176", "name": "CARL DAVID RICHARDSON FOUNDATION INCORPORATED", "city": "SPRNGFLD GDNS", "state": "NY", "zip": "11413-3923", "ntee": "B01", "ruling": "201506", "deductibility": "1", "assets": 7920, "income": 577749, "revenue": 0}, {"ein": "471046112", "name": "ORCHOT DAVID INC", "city": "BROOKLYN", "state": "NY", "zip": "11229-1106", "ntee": "X21", "ruling": "201709", "deductibility": "1", "assets": 0, "income": 0, "revenue": 0}, {"ein": "472563695", "name": "DAVID AND JOAN ROGERS FAMILY FOUNDATION INC", "city": "EAST AMHERST", "state": "NY", "zip": "14051-2332", "ntee": "T22", "ruling": "201503", "deductibility": "1", "assets": 3439557, "income": 1420157, "revenue": 0}, {"ein": "474233750", "name": "ROBERTA AND RICHARD DAVID FAMILY FOUNDATION INC", "city": "LAKE SUCCESS", "state": "NY", "zip": "11020-1144", "ntee": "T50", "ruling": "201506", "deductibility": "1", "assets": 53700, "income": 29, "revenue": 0}, {"ein": "475381766", "name": "DAVID J CUDLIN MEMORIAL SCHOLARSHIP", "city": "WATERLOO", "state": "NY", "zip": "13165-9470", "ntee": "B82", "ruling": "201604", "deductibility": "1", "assets": 0, "income": 0, "revenue": 0}, {"ein": "510194933", "name": "CONGREGATION BETH DAVID OF BORO PARK", "city": "BROOKLYN", "state": "NY", "zip": "11211-8102", "ntee": "", "ruling": "197607", "deductibility": "1", "assets": 0, "income": 0, "revenue": 0}, {"ein": "521517004", "name": "LEAH BELLE & P DAVID CHERNOV CHARITABLE FOUNDATION", "city": "NEW YORK", "state": "NY", "zip": "10035-0000", "ntee": "", "ruling": "198804", "deductibility": "1", "assets": 32084, "income": 10569, "revenue": 0}, {"ein": "550809138", "name": "ROCHELLE AND DAVID A HIRSCH FOUNDATION INC", "city": "NEW YORK", "state": "NY", "zip": "10021-4155", "ntee": "T20", "ruling": "200301", "deductibility": "1", "assets": 29716484, "income": 10576853, "revenue": 0}, {"ein": "571165082", "name": "DAVID DOV FOUNDATION INC", "city": "BROOKLYN", "state": "NY", "zip": "11210-3612", "ntee": "X83", "ruling": "202311", "deductibility": "1", "assets": 0, "income": 0, "revenue": 0}, {"ein": "582586156", "name": "DAVID YURMAN HUMANITARIAN FOUNDATION INC", "city": "NEW YORK", "state": "NY", "zip": "10013-1903", "ntee": "T22", "ruling": "200109", "deductibility": "1", "assets": 17098435, "income": 748426, "revenue": 0}, {"ein": "611547766", "name": "DR DAVID M MILCH FAMILY FOUNDATION", "city": "NEW YORK", "state": "NY", "zip": "10003-5329", "ntee": "T20", "ruling": "200809", "deductibility": "1", "assets": 8494379, "income": 257699, "revenue": 0}, {"ein": "656325504", "name": "DAVID E SINGER AND HARRIET SINGER CHARITABLE TR", "city": "BUFFALO", "state": "NY", "zip": "14240-1504", "ntee": "T22", "ruling": "200102", "deductibility": "1", "assets": 1056251, "income": 353288, "revenue": 0}, {"ein": "731630523", "name": "CHESED DAVID VBURICH FOUNDATION", "city": "BROOKLYN", "state": "NY", "zip": "11219-3356", "ntee": "X30", "ruling": "200204", "deductibility": "1", "assets": 0, "income": 0, "revenue": 0}, {"ein": "810861234", "name": "HOUSE OF DAVID MINISTRIES NEW YORK", "city": "WEST VALLEY STREAM", "state": "NY", "zip": "11580-0000", "ntee": "X20", "ruling": "201607", "deductibility": "1", "assets": 0, "income": 0, "revenue": 0}, {"ein": "811771485", "name": "DAVID SC KIM FOUNDATION INC", "city": "SAUGERTIES", "state": "NY", "zip": "12477-4512", "ntee": "X99", "ruling": "201610", "deductibility": "1", "assets": 0, "income": 0, "revenue": 0}, {"ein": "811817373", "name": "CONGREGATION ZEMACH DAVID DCHASIDEI SQUARE", "city": "BROOKLYN", "state": "NY", "zip": "11211-7615", "ntee": "X30", "ruling": "201604", "deductibility": "1", "assets": 0, "income": 0, "revenue": 0}, {"ein": "812412624", "name": "DAVID DAMATO", "city": "YONKERS", "state": "NY", "zip": "10701-0000", "ntee": "N50", "ruling": "201606", "deductibility": "1", "assets": 0, "income": 0, "revenue": 0}, {"ein": "813360510", "name": "DAVID SCHWARTZ FOUNDATION", "city": "NEW YORK", "state": "NY", "zip": "10016-0000", "ntee": "T22", "ruling": "201810", "deductibility": "1", "assets": 15360380, "income": 3004422, "revenue": 0}, {"ein": "821419327", "name": "HADRAT DAVID INC", "city": "BROOKLYN", "state": "NY", "zip": "11230-4108", "ntee": "T50", "ruling": "201709", "deductibility": "1", "assets": 4633, "income": 180354, "revenue": 180354}, {"ein": "821446876", "name": "DAVID SAMUEL FILLERS MEMORIAL SCHOLARSHIP FUND INC", "city": "VESTAL", "state": "NY", "zip": "13850-5923", "ntee": "B82", "ruling": "201705", "deductibility": "1", "assets": 0, "income": 0, "revenue": 0}, {"ein": "822700387", "name": "MAGEN DAVID OF STATEN ISLAND INC", "city": "STATEN ISLAND", "state": "NY", "zip": "10314-6143", "ntee": "X30", "ruling": "202506", "deductibility": "1", "assets": 0, "income": 0, "revenue": 0}, {"ein": "823022895", "name": "DAVID M MCCARTHY MEMORIAL FOUNDATION", "city": "BATAVIA", "state": "NY", "zip": "14020-1168", "ntee": "O50", "ruling": "201801", "deductibility": "1", "assets": 44837, "income": 61023, "revenue": 35073}, {"ein": "823504014", "name": "DAVID AND HELENE ABIRI FAMILY FOUNDATION", "city": "CARLE PLACE", "state": "NY", "zip": "11514-1824", "ntee": "T20", "ruling": "201902", "deductibility": "2", "assets": 4925282, "income": 648255, "revenue": 0}, {"ein": "825332871", "name": "DAVID D DANGELO FOUNDATION", "city": "ARLINGTON", "state": "NY", "zip": "12603-1663", "ntee": "C12", "ruling": "201904", "deductibility": "1", "assets": 0, "income": 0, "revenue": 0}, {"ein": "830379392", "name": "DAVID CHARLES HORN FOUNDATION INC", "city": "NEW YORK", "state": "NY", "zip": "10006-1452", "ntee": "T23", "ruling": "200602", "deductibility": "1", "assets": 16487, "income": 74, "revenue": 0}, {"ein": "830436453", "name": "DAVID LYNCH FOUNDATION FOR CONSCIOUSNESS-BASED EDUCATION AND", "city": "NEW YORK", "state": "NY", "zip": "10017-8411", "ntee": "T30", "ruling": "201512", "deductibility": "1", "assets": 8753831, "income": 9212720, "revenue": 8875141}, {"ein": "831298430", "name": "ELZBIETA & DAVID GROVE PRIVATE FOUNDATION INC", "city": "ARMONK", "state": "NY", "zip": "10504-1356", "ntee": "T20", "ruling": "202502", "deductibility": "1", "assets": 7557833, "income": 121889, "revenue": 0}, {"ein": "831391776", "name": "DAVID A ROBEN MEMORIAL FOUNDATION INC", "city": "SAYVILLE", "state": "NY", "zip": "11782-2226", "ntee": "B82", "ruling": "201808", "deductibility": "1", "assets": 37383, "income": 2800, "revenue": 2800}, {"ein": "832327326", "name": "PIANO EVENINGS WITH DAVID DUBAL", "city": "NEW YORK", "state": "NY", "zip": "10001-5923", "ntee": "A68", "ruling": "201907", "deductibility": "1", "assets": 7138, "income": 59803, "revenue": 59803}, {"ein": "834034330", "name": "DAVID SWOPE FUND U ART VIII OF REV TR DTD JULY 25 2017", "city": "YORKTOWN HTS", "state": "NY", "zip": "10598-2205", "ntee": "T22", "ruling": "201910", "deductibility": "1", "assets": 4062250, "income": 1668819, "revenue": 0}, {"ein": "836447577", "name": "DAVID & ROSE HENSHALL FOUNDATION", "city": "ALBANY", "state": "NY", "zip": "12212-5201", "ntee": "T22", "ruling": "201908", "deductibility": "1", "assets": 1, "income": 1, "revenue": 0}, {"ein": "836447958", "name": "DAVID AND MARY-HOE LOVE FOUNDATION", "city": "NEW YORK", "state": "NY", "zip": "10178-0002", "ntee": "T99", "ruling": "201812", "deductibility": "1", "assets": 615, "income": 6801, "revenue": 0}, {"ein": "842353137", "name": "DOROTHY AND DAVID SCHACHNE CHARITABLE FOUNDATION INC", "city": "NEW YORK", "state": "NY", "zip": "10016-0000", "ntee": "T20", "ruling": "201911", "deductibility": "1", "assets": 949129, "income": 1677475, "revenue": 0}, {"ein": "842759638", "name": "DAVID SWOPE FUND APRIL 18 2008", "city": "YORKTOWN HTS", "state": "NY", "zip": "10598-2205", "ntee": "T20", "ruling": "201912", "deductibility": "1", "assets": 897623, "income": 723958, "revenue": 0}, {"ein": "843254473", "name": "SPENCER-DAVID FOUNDATION INC", "city": "FAYETTEVILLE", "state": "NY", "zip": "13066-9727", "ntee": "T20", "ruling": "202002", "deductibility": "1", "assets": 373265, "income": 300059, "revenue": 0}, {"ein": "843750732", "name": "SARAH LONG AND DAVID SOLOMON FAMILY FOUNDATION", "city": "BEDFORD HILLS", "state": "NY", "zip": "10507-2500", "ntee": "T22", "ruling": "202107", "deductibility": "1", "assets": 3691421, "income": 67430, "revenue": 0}, {"ein": "843937719", "name": "DAVID MICHAEL FOUNDATION", "city": "EAST HAMPTON", "state": "NY", "zip": "11937-1226", "ntee": "H12", "ruling": "202003", "deductibility": "1", "assets": 0, "income": 0, "revenue": 0}, {"ein": "844448042", "name": "DAVID AND ELIZABETH SHERMAN FOUNDATION", "city": "NEW YORK", "state": "NY", "zip": "10128-3958", "ntee": "T20", "ruling": "202104", "deductibility": "1", "assets": 2595123, "income": 2223854, "revenue": 0}, {"ein": "844555386", "name": "BIRCAT DAVID INC", "city": "BROOKLYN", "state": "NY", "zip": "11230-5106", "ntee": "X30", "ruling": "202212", "deductibility": "1", "assets": 605907, "income": 379869, "revenue": 379869}, {"ein": "851479442", "name": "SHIRAT DAVID INC", "city": "BROOKLYN", "state": "NY", "zip": "11223-1931", "ntee": "X12", "ruling": "202104", "deductibility": "1", "assets": 4555, "income": 219551, "revenue": 219551}, {"ein": "851637843", "name": "Y DAVID AND CHERYL SCHARF FAMILY CHARITABLE FOUNDATION", "city": "NEW YORK", "state": "NY", "zip": "10024-2723", "ntee": "T20", "ruling": "202204", "deductibility": "1", "assets": 1140346, "income": 272951, "revenue": 0}, {"ein": "854224461", "name": "DAVID I MARTIN MUSIC GUILD OF NANM INC", "city": "NEW YORK", "state": "NY", "zip": "10037-0909", "ntee": "A20", "ruling": "202103", "deductibility": "1", "assets": 5809, "income": 35885, "revenue": 35885}, {"ein": "861425664", "name": "DAVID G AND CHRISTINE M STACK FAMILY FOUNDATION INC", "city": "BALLSTON SPA", "state": "NY", "zip": "12020-2104", "ntee": "", "ruling": "000000", "deductibility": "0", "assets": 110172, "income": 5817, "revenue": 5817}, {"ein": "861476554", "name": "SHIRAT DAVID FOUNDATION", "city": "LAWRENCE", "state": "NY", "zip": "11559-1033", "ntee": "X30", "ruling": "202206", "deductibility": "1", "assets": 0, "income": 0, "revenue": 0}, {"ein": "862245261", "name": "FRIENDS OF MISHKAN DAVID", "city": "BROOKLYN", "state": "NY", "zip": "11230-7574", "ntee": "B11", "ruling": "202109", "deductibility": "1", "assets": 12114, "income": 282126, "revenue": 282126}, {"ein": "862676316", "name": "DAVID L AND BARBARA D CALHOUN FAMILY FOUNDATION", "city": "ALBANY", "state": "NY", "zip": "12212-5201", "ntee": "T22", "ruling": "202107", "deductibility": "1", "assets": 3461217, "income": 5080794, "revenue": 0}, {"ein": "870778970", "name": "DAVID & CHARLOTTE ECKERT FAMILY FOUNDATION", "city": "NEW YORK", "state": "NY", "zip": "10055-0002", "ntee": "T22", "ruling": "200609", "deductibility": "1", "assets": 682894, "income": 444896, "revenue": 0}, {"ein": "871071212", "name": "DAVID & LENI MOORE FAMILY FOUNDATION II", "city": "NEW YORK", "state": "NY", "zip": "10001-3031", "ntee": "T20", "ruling": "202110", "deductibility": "1", "assets": 19973683, "income": 6450198, "revenue": 0}, {"ein": "871090312", "name": "DAVID & STEPHANIE GOLDSTEIN CHARITABLE FOUNDATION INC", "city": "BROOKLYN", "state": "NY", "zip": "11211-1707", "ntee": "T20", "ruling": "202112", "deductibility": "1", "assets": 9354, "income": 90000, "revenue": 0}, {"ein": "871695854", "name": "THE DAVID A COULTER AND SUSAN C WEEKS CHARITABLE FOUNDATION", "city": "ALBANY", "state": "NY", "zip": "12212-5201", "ntee": "S30", "ruling": "202204", "deductibility": "1", "assets": 5387094, "income": 11051869, "revenue": 0}, {"ein": "872396818", "name": "DAVID WOJNAROWICZ FOUNDATION INC", "city": "NEW YORK", "state": "NY", "zip": "10040-3929", "ntee": "A25", "ruling": "202311", "deductibility": "1", "assets": 0, "income": 27126, "revenue": 27126}, {"ein": "872434558", "name": "MAGEN DAVID OF MADISON INC", "city": "BROOKLYN", "state": "NY", "zip": "11229-1606", "ntee": "X30", "ruling": "202210", "deductibility": "1", "assets": 0, "income": 0, "revenue": 0}, {"ein": "874555682", "name": "DAVID AND TAMI MAINES CHARITABLE FOUNDATION INC", "city": "BINGHAMTON", "state": "NY", "zip": "13901-6012", "ntee": "T22", "ruling": "202203", "deductibility": "1", "assets": 1, "income": 1, "revenue": 0}, {"ein": "876588743", "name": "DAVID M DUFFY JR FOUNDATION", "city": "GARDEN CITY", "state": "NY", "zip": "11530-1630", "ntee": "T12", "ruling": "202203", "deductibility": "1", "assets": 124033, "income": 17862, "revenue": 0}, {"ein": "883113770", "name": "FRIENDS OF DAVID DOWNING INC", "city": "ORCHARD PARK", "state": "NY", "zip": "14127-3520", "ntee": "P12", "ruling": "202207", "deductibility": "1", "assets": 790, "income": 40341, "revenue": 0}, {"ein": "911846057", "name": "DAVID T NASH CHARITABLE FOUNDATION", "city": "NEW YORK", "state": "NY", "zip": "10020-1401", "ntee": "", "ruling": "199706", "deductibility": "1", "assets": 549845, "income": 133562, "revenue": 0}, {"ein": "912170993", "name": "THE DAVID FRANKLIN CHAZEN FOUNDATION", "city": "NEW YORK", "state": "NY", "zip": "10019-0000", "ntee": "", "ruling": "200203", "deductibility": "0", "assets": 1071618, "income": 198718, "revenue": 0}, {"ein": "921554595", "name": "DAVID AND YEHUDIS KLEIN FOUNDATION INC", "city": "BROOKLYN", "state": "NY", "zip": "11204-1419", "ntee": "T20", "ruling": "202301", "deductibility": "1", "assets": 1, "income": 1, "revenue": 0}, {"ein": "931609366", "name": "BNEI DAVID CONGREGATION", "city": "BROOKLYN", "state": "NY", "zip": "11229-0000", "ntee": "X30", "ruling": "202310", "deductibility": "1", "assets": 0, "income": 0, "revenue": 0}, {"ein": "932865587", "name": "HOUSE OF DAVID CHARITIES INC", "city": "SCHENECTADY", "state": "NY", "zip": "12307-1504", "ntee": "P60", "ruling": "202311", "deductibility": "1", "assets": 0, "income": 0, "revenue": 0}, {"ein": "934717319", "name": "DAVID AND LAUREN HAYES FOUNDATION", "city": "LOUDONVILLE", "state": "NY", "zip": "12211-1423", "ntee": "P20", "ruling": "202405", "deductibility": "1", "assets": 244790, "income": 145812, "revenue": 0}, {"ein": "934952726", "name": "DAVID A GRAY LEGACY FOUNDATION", "city": "HORNELL", "state": "NY", "zip": "14843-1050", "ntee": "T20", "ruling": "202401", "deductibility": "1", "assets": 0, "income": 0, "revenue": 0}, {"ein": "991179732", "name": "DAVID A STERIO MUSIC MEMORIAL SCHOLARSHIP", "city": "OSWEGO", "state": "NY", "zip": "13126-6052", "ntee": "A68", "ruling": "202505", "deductibility": "1", "assets": 0, "income": 0, "revenue": 0}], "YAKOV": [{"ein": "010777300", "name": "MESIVTA NACHLAS YAKOV OF ADAS YEREIM INC", "city": "BROOKLYN", "state": "NY", "zip": "11211-7206", "ntee": "X30", "ruling": "200310", "deductibility": "1", "assets": 0, "income": 0, "revenue": 0}, {"ein": "061535798", "name": "KOLEL EREV KEHILATH YAKOV", "city": "BROOKLYN", "state": "NY", "zip": "11206-5411", "ntee": "X30", "ruling": "199903", "deductibility": "1", "assets": 0, "income": 0, "revenue": 0}, {"ein": "061595630", "name": "KEREN YSHIAS YAKOV INC", "city": "HIGHLAND MLS", "state": "NY", "zip": "10930-0667", "ntee": "X30", "ruling": "200101", "deductibility": "1", "assets": 0, "income": 0, "revenue": 0}, {"ein": "061599168", "name": "MORUSHU K YAKOV", "city": "BROOKLYN", "state": "NY", "zip": "11211-8119", "ntee": "X30", "ruling": "200101", "deductibility": "1", "assets": 0, "income": 0, "revenue": 0}, {"ein": "061603877", "name": "CHESED KEHILATH YAKOV", "city": "BROOKLYN", "state": "NY", "zip": "11206-4809", "ntee": "X30", "ruling": "200101", "deductibility": "1", "assets": 0, "income": 0, "revenue": 0}, {"ein": "112350264", "name": "BNOS YAKOV EDUCATIONAL CENTER", "city": "BROOKLYN", "state": "NY", "zip": "11249-8007", "ntee": "P20", "ruling": "200104", "deductibility": "1", "assets": 0, "income": 0, "revenue": 0}, {"ein": "112388770", "name": "YESHIVA YASHRESH YAKOV", "city": "WOODRIDGE", "state": "NY", "zip": "12789-0939", "ntee": "", "ruling": "197612", "deductibility": "1", "assets": 0, "income": 0, "revenue": 0}, {"ein": "112419183", "name": "YESHIVATH TOLDOS YAKOV OF PAPA", "city": "BROOKLYN", "state": "NY", "zip": "11211-8017", "ntee": "", "ruling": "197706", "deductibility": "1", "assets": 0, "income": 0, "revenue": 0}, {"ein": "112420412", "name": "CONGREGATION NACHLAS YAKOV AND KOLL BIRKAR YITZCHOK", "city": "BROOKLYN", "state": "NY", "zip": "11219-1429", "ntee": "", "ruling": "197901", "deductibility": "1", "assets": 0, "income": 0, "revenue": 0}, {"ein": "112431198", "name": "CONGREGATION BENEI YAKOV C O BENJAMIN ISAACS ESQ", "city": "BKLYN", "state": "NY", "zip": "11223-2216", "ntee": "", "ruling": "197709", "deductibility": "1", "assets": 0, "income": 0, "revenue": 0}, {"ein": "112589174", "name": "YAKOV ZVI FRIEDMAN TRUST", "city": "NEW YORK", "state": "NY", "zip": "10006-0000", "ntee": "", "ruling": "198201", "deductibility": "1", "assets": 6784, "income": 4000, "revenue": 0}, {"ein": "112671711", "name": "TOLDOS YAKOV YOSEF INC", "city": "BROOKLYN", "state": "NY", "zip": "11204-1118", "ntee": "", "ruling": "198611", "deductibility": "1", "assets": 0, "income": 0, "revenue": 0}, {"ein": "112778348", "name": "KOLEL CHELKAS YAKOV", "city": "BROOKLYN", "state": "NY", "zip": "11219-3606", "ntee": "", "ruling": "198603", "deductibility": "1", "assets": 0, "income": 0, "revenue": 0}, {"ein": "112803674", "name": "CONGREGATION OHEL YAKOV CHAKEV", "city": "BROOKLYN", "state": "NY", "zip": "11211-8017", "ntee": "", "ruling": "198608", "deductibility": "1", "assets": 0, "income": 0, "revenue": 0}, {"ein": "112850564", "name": "CONGREGATION BETH YISROEL YAKOV", "city": "BROOKLYN", "state": "NY", "zip": "11219-3540", "ntee": "", "ruling": "198706", "deductibility": "1", "assets": 0, "income": 0, "revenue": 0}, {"ein": "112852763", "name": "KEHILATH YAKOV DPUPA OF BORO PARK", "city": "BROOKLYN", "state": "NY", "zip": "11219-3440", "ntee": "", "ruling": "198705", "deductibility": "1", "assets": 0, "income": 0, "revenue": 0}, {"ein": "112910958", "name": "KOLEL KEHILATH YAKOV RABBINICAL CENTER INC", "city": "SUFFERN", "state": "NY", "zip": "10901-4167", "ntee": "", "ruling": "198807", "deductibility": "1", "assets": 0, "income": 0, "revenue": 0}, {"ein": "112966313", "name": "MACHNEI YAKOV YOSEF DCHASEIDA SQUARE", "city": "BROOKLYN", "state": "NY", "zip": "11204-1411", "ntee": "", "ruling": "198905", "deductibility": "1", "assets": 0, "income": 0, "revenue": 0}, {"ein": "113025459", "name": "KOLLEL OHR YAKOV YOSEF", "city": "BROOKLYN", "state": "NY", "zip": "11210-3714", "ntee": "", "ruling": "199012", "deductibility": "1", "assets": 0, "income": 0, "revenue": 0}, {"ein": "113052997", "name": "YESHIVA KETANE TOLDOS YAKOV YOSEF", "city": "BROOKLYN", "state": "NY", "zip": "11210-3714", "ntee": "", "ruling": "199105", "deductibility": "1", "assets": 0, "income": 0, "revenue": 0}, {"ein": "113071839", "name": "YESHIVATH KEHILATH YAKOV OF MONSEY INC", "city": "SPRING VALLEY", "state": "NY", "zip": "10977-3322", "ntee": "", "ruling": "199110", "deductibility": "1", "assets": 0, "income": 0, "revenue": 0}, {"ein": "113073915", "name": "KEHILATH YAKOV RABBINICAL SEMINARY", "city": "BROOKLYN", "state": "NY", "zip": "11249-8007", "ntee": "", "ruling": "199207", "deductibility": "1", "assets": 0, "income": 0, "revenue": 0}, {"ein": "113073922", "name": "JUDAIC ACADEMY BNOS YAKOV INC", "city": "BROOKLYN", "state": "NY", "zip": "11211-7207", "ntee": "", "ruling": "199308", "deductibility": "1", "assets": 0, "income": 0, "revenue": 0}, {"ein": "113088198", "name": "GMACH TOLDOS YAKOV YOSES", "city": "BROOKLYN", "state": "NY", "zip": "11210-3714", "ntee": "", "ruling": "199202", "deductibility": "1", "assets": 0, "income": 0, "revenue": 0}, {"ein": "113093497", "name": "KOLEL YUGAL YAKOV YISMACH YISROEL", "city": "BROOKLYN", "state": "NY", "zip": "11218-4414", "ntee": "", "ruling": "199202", "deductibility": "1", "assets": 0, "income": 0, "revenue": 0}, {"ein": "113112467", "name": "CONGREGATION YAKOV INC", "city": "BROOKLYN", "state": "NY", "zip": "11211-0783", "ntee": "", "ruling": "199209", "deductibility": "1", "assets": 0, "income": 0, "revenue": 0}, {"ein": "113119354", "name": "ZICHRON YAKOV", "city": "BROOKLYN", "state": "NY", "zip": "11211-8303", "ntee": "X300", "ruling": "199301", "deductibility": "1", "assets": 8436, "income": 117114, "revenue": 117114}, {"ein": "113161119", "name": "CONGREGATION NACHLAS YAKOV INC", "city": "BROOKLYN", "state": "NY", "zip": "11211-7901", "ntee": "", "ruling": "199312", "deductibility": "1", "assets": 0, "income": 0, "revenue": 0}, {"ein": "113180411", "name": "BNEI YAKOV OF MELITZ", "city": "BROOKLYN", "state": "NY", "zip": "11210-3714", "ntee": "", "ruling": "199312", "deductibility": "1", "assets": 0, "income": 0, "revenue": 0}, {"ein": "113221520", "name": "CONGREGATION G MACH YASHREISH YAKOV", "city": "BROOKLYN", "state": "NY", "zip": "11218-4418", "ntee": "", "ruling": "199409", "deductibility": "1", "assets": 0, "income": 0, "revenue": 0}, {"ein": "113234866", "name": "CONGREGATION KOL YAKOV INC", "city": "BROOKLYN", "state": "NY", "zip": "11206-5486", "ntee": "Z99Z", "ruling": "199705", "deductibility": "1", "assets": 0, "income": 0, "revenue": 0}, {"ein": "113251707", "name": "ZICHRON YAKOV", "city": "NEW SQUARE", "state": "NY", "zip": "10977-8905", "ntee": "X30Z", "ruling": "199505", "deductibility": "1", "assets": 0, "income": 0, "revenue": 0}, {"ein": "113258823", "name": "CONGREGATION ZICHRON BAIS YAKOV", "city": "BROOKLYN", "state": "NY", "zip": "11204-1731", "ntee": "X30Z", "ruling": "199509", "deductibility": "1", "assets": 0, "income": 0, "revenue": 0}, {"ein": "113263311", "name": "CONGREGATION OHOLEY YAKOV OF BOYOM INC", "city": "BROOKLYN", "state": "NY", "zip": "11204-1421", "ntee": "X20Z", "ruling": "199707", "deductibility": "1", "assets": 0, "income": 0, "revenue": 0}, {"ein": "113275833", "name": "YESHIVA JESODE HATORAH NACHLAS YAKOV OF KHAL ADAS YEREIM INC", "city": "BROOKLYN", "state": "NY", "zip": "11219-3501", "ntee": "B20Z", "ruling": "199702", "deductibility": "1", "assets": 0, "income": 0, "revenue": 0}, {"ein": "113310518", "name": "KOLEL BEIS YAKOV", "city": "BROOKLYN", "state": "NY", "zip": "11226-6903", "ntee": "X99Z", "ruling": "199605", "deductibility": "1", "assets": 0, "income": 0, "revenue": 0}, {"ein": "113385210", "name": "CONGREGATION YESHEOS YAKOV", "city": "MONSEY", "state": "NY", "zip": "10952-2103", "ntee": "X99Z", "ruling": "199708", "deductibility": "1", "assets": 0, "income": 0, "revenue": 0}, {"ein": "113426850", "name": "KOLEL VAYAGED YAKOV", "city": "BROOKLYN", "state": "NY", "zip": "11211-7810", "ntee": "X30Z", "ruling": "199806", "deductibility": "1", "assets": 0, "income": 0, "revenue": 0}, {"ein": "113447366", "name": "ZICHRON MOISHE YAKOV FOUNDATION", "city": "BROOKLYN", "state": "NY", "zip": "11219-5017", "ntee": "T20", "ruling": "199901", "deductibility": "1", "assets": 119761, "income": 441000, "revenue": 0}, {"ein": "113555359", "name": "GEMACH YAKOV", "city": "BROOKLYN", "state": "NY", "zip": "11205-0226", "ntee": "X30", "ruling": "200106", "deductibility": "1", "assets": 0, "income": 0, "revenue": 0}, {"ein": "113555449", "name": "BAIS YAKOV DPSHEVORSK", "city": "BROOKLYN", "state": "NY", "zip": "11206-2901", "ntee": "X30", "ruling": "200106", "deductibility": "1", "assets": 0, "income": 0, "revenue": 0}, {"ein": "113563681", "name": "CONG EZRA VCHESED MISHNAS YAKOV", "city": "BROOKLYN", "state": "NY", "zip": "11220-2324", "ntee": "X30", "ruling": "200105", "deductibility": "1", "assets": 0, "income": 0, "revenue": 0}, {"ein": "113565370", "name": "CONG BAIS YAKOV VYISROEL", "city": "BROOKLYN", "state": "NY", "zip": "11219-1523", "ntee": "X30", "ruling": "200104", "deductibility": "1", "assets": 0, "income": 0, "revenue": 0}, {"ein": "113601339", "name": "SHOSHANAS YAKOV", "city": "BROOKLYN", "state": "NY", "zip": "11219-1523", "ntee": "X30", "ruling": "200111", "deductibility": "1", "assets": 0, "income": 0, "revenue": 0}, {"ein": "113628073", "name": "GEZA YAKOV", "city": "BROOKLYN", "state": "NY", "zip": "11211-0303", "ntee": "X30", "ruling": "200201", "deductibility": "1", "assets": 0, "income": 0, "revenue": 0}, {"ein": "113709290", "name": "CONGREGATION BAIS YAKOV YOSEF", "city": "WESLEY HILLS", "state": "NY", "zip": "10977-1305", "ntee": "X30", "ruling": "200503", "deductibility": "1", "assets": 0, "income": 0, "revenue": 0}, {"ein": "116003354", "name": "YESHIVATH KEHILATH YAKOV INC", "city": "BROOKLYN", "state": "NY", "zip": "11249-8007", "ntee": "", "ruling": "198012", "deductibility": "1", "assets": 0, "income": 0, "revenue": 0}, {"ein": "133216382", "name": "CONGREGATION BNEI YAKOV", "city": "MONSEY", "state": "NY", "zip": "10952-2912", "ntee": "", "ruling": "198410", "deductibility": "1", "assets": 0, "income": 0, "revenue": 0}, {"ein": "133366979", "name": "KOLLEL TOLDOS YAKOV DPUPA INC", "city": "BROOKLYN", "state": "NY", "zip": "11219-3440", "ntee": "", "ruling": "198705", "deductibility": "1", "assets": 0, "income": 0, "revenue": 0}, {"ein": "133762125", "name": "YESHIVA TOLDOS YAKOV YOSEF", "city": "SPRING VALLEY", "state": "NY", "zip": "10977-0776", "ntee": "X99Z", "ruling": "199512", "deductibility": "1", "assets": 0, "income": 0, "revenue": 0}, {"ein": "133798805", "name": "YESHIVA KEHILLOS YAKOV", "city": "MONSEY", "state": "NY", "zip": "10952-0541", "ntee": "X30Z", "ruling": "199501", "deductibility": "1", "assets": 0, "income": 0, "revenue": 0}, {"ein": "133869199", "name": "CONGREGATION YESHIVA AVIR YAKOV", "city": "SPRING VALLEY", "state": "NY", "zip": "10977-1985", "ntee": "X20Z", "ruling": "199608", "deductibility": "1", "assets": 0, "income": 0, "revenue": 0}, {"ein": "134062541", "name": "CONG SDEI YAKOV INC", "city": "SPRING VALLEY", "state": "NY", "zip": "10977-1985", "ntee": "X30", "ruling": "199911", "deductibility": "1", "assets": 0, "income": 0, "revenue": 0}, {"ein": "134176086", "name": "ZICHRON YAKOV DRADASIHTS", "city": "MONROE", "state": "NY", "zip": "10950-4180", "ntee": "X30", "ruling": "200108", "deductibility": "1", "assets": 0, "income": 0, "revenue": 0}, {"ein": "134323370", "name": "CONGREGATION MISHKENOS YAKOV INC", "city": "SPRING VALLEY", "state": "NY", "zip": "10977-1912", "ntee": "X30", "ruling": "201004", "deductibility": "1", "assets": 0, "income": 0, "revenue": 0}, {"ein": "141804826", "name": "OHOLEI YAKOV", "city": "BROOKLYN", "state": "NY", "zip": "11206-4813", "ntee": "X99Z", "ruling": "199808", "deductibility": "1", "assets": 0, "income": 0, "revenue": 0}, {"ein": "201816234", "name": "KOLLEL ZICHRON YAKOV MENACHEM", "city": "BROOKLYN", "state": "NY", "zip": "11219-3234", "ntee": "X30", "ruling": "200510", "deductibility": "1", "assets": 0, "income": 0, "revenue": 0}, {"ein": "202004696", "name": "KOLLEL TIFERES YAKOV VZICHRON MASHE", "city": "BROOKLYN", "state": "NY", "zip": "11210-4752", "ntee": "T30", "ruling": "200803", "deductibility": "1", "assets": 1075, "income": 102708, "revenue": 102708}, {"ein": "202108716", "name": "YAKOV BEN MEIR THEDAKAH FUD INC", "city": "REGO PARK", "state": "NY", "zip": "11374-4256", "ntee": "P60", "ruling": "200502", "deductibility": "1", "assets": 0, "income": 0, "revenue": 0}, {"ein": "203989867", "name": "CONG TIFERES YAKOV INC", "city": "BROOKLYN", "state": "NY", "zip": "11219-4221", "ntee": "X30", "ruling": "200911", "deductibility": "1", "assets": 0, "income": 0, "revenue": 0}, {"ein": "205871087", "name": "KOLLEL KOL YAKOV", "city": "BROOKLYN", "state": "NY", "zip": "11206-4888", "ntee": "X30", "ruling": "200801", "deductibility": "1", "assets": 0, "income": 0, "revenue": 0}, {"ein": "223863180", "name": "CONGREGATION KOLEL BAIS AVROHOM YAKOV INC", "city": "MONSEY", "state": "NY", "zip": "10952-2617", "ntee": "X30", "ruling": "200209", "deductibility": "1", "assets": 0, "income": 0, "revenue": 0}, {"ein": "237219489", "name": "BAIS MEDROSH TOLAAS YAKOV", "city": "BROOKLYN", "state": "NY", "zip": "11211-9236", "ntee": "", "ruling": "197210", "deductibility": "1", "assets": 0, "income": 0, "revenue": 0}, {"ein": "237332842", "name": "CAMP KEHILATH YAKOV", "city": "BROOKLYN", "state": "NY", "zip": "11249-8007", "ntee": "", "ruling": "197312", "deductibility": "1", "assets": 0, "income": 0, "revenue": 0}, {"ein": "237333421", "name": "BNOS YAKOV EDUCATIONAL FOR GIRLS", "city": "BROOKLYN", "state": "NY", "zip": "11211-8007", "ntee": "", "ruling": "197312", "deductibility": "1", "assets": 0, "income": 0, "revenue": 0}, {"ein": "237357145", "name": "MACHNE BNOS YAKOV", "city": "BROOKLYN", "state": "NY", "zip": "11211-8007", "ntee": "", "ruling": "197312", "deductibility": "1", "assets": 0, "income": 0, "revenue": 0}, {"ein": "237363225", "name": "CONGREGATION TOLDOS YAKOV YOSEF", "city": "BROOKLYN", "state": "NY", "zip": "11219-3429", "ntee": "", "ruling": "197407", "deductibility": "1", "assets": 0, "income": 0, "revenue": 0}, {"ein": "237375778", "name": "BAIS YAKOV HAYUSHUN INC", "city": "BROOKLYN", "state": "NY", "zip": "11211-7615", "ntee": "", "ruling": "197405", "deductibility": "1", "assets": 0, "income": 0, "revenue": 0}, {"ein": "260263536", "name": "BNEI YAKOV YOSEF OF MONSEY", "city": "SPRING VALLEY", "state": "NY", "zip": "10977-3962", "ntee": "X30", "ruling": "201006", "deductibility": "1", "assets": 0, "income": 0, "revenue": 0}, {"ein": "261984661", "name": "CONGREGATION BNOS YAKOV", "city": "BROOKLYN", "state": "NY", "zip": "11210-5307", "ntee": "B25", "ruling": "201003", "deductibility": "1", "assets": 420237, "income": 1695857, "revenue": 1695857}, {"ein": "273856776", "name": "CONG KEHILATH YAKOV PUPA OF MONSEY", "city": "MONSEY", "state": "NY", "zip": "10952-0187", "ntee": "X30", "ruling": "201409", "deductibility": "1", "assets": 0, "income": 0, "revenue": 0}, {"ein": "274764203", "name": "CHASDEI YAKOV FOUNDATION INC", "city": "MONSEY", "state": "NY", "zip": "10952-3011", "ntee": "T21", "ruling": "201202", "deductibility": "1", "assets": 61471, "income": 508945, "revenue": 0}, {"ein": "275434024", "name": "HA KOL KOL YAKOV INC", "city": "BROOKLYN", "state": "NY", "zip": "11206-2300", "ntee": "X30", "ruling": "201208", "deductibility": "1", "assets": 0, "income": 0, "revenue": 0}, {"ein": "311658638", "name": "KEREN YAKOV BUROCH", "city": "MONROE", "state": "NY", "zip": "10950-3800", "ntee": "X30", "ruling": "199910", "deductibility": "1", "assets": 0, "income": 0, "revenue": 0}, {"ein": "311761339", "name": "CONG MISCHKNOIS LAVIER YAKOV INC", "city": "MONSEY", "state": "NY", "zip": "10952-1868", "ntee": "X30", "ruling": "200106", "deductibility": "1", "assets": 0, "income": 0, "revenue": 0}, {"ein": "320646575", "name": "CONG OHEL YAKOV", "city": "SPRING VALLEY", "state": "NY", "zip": "10977-4809", "ntee": "X30", "ruling": "202207", "deductibility": "1", "assets": 0, "income": 0, "revenue": 0}, {"ein": "334078896", "name": "CONGREGATION BEIS YAKOV", "city": "BROOKLYN", "state": "NY", "zip": "11211-8485", "ntee": "X30", "ruling": "202506", "deductibility": "1", "assets": 0, "income": 0, "revenue": 0}, {"ein": "462036888", "name": "CHEVRA KADISHA DKHAL KEHILATH YAKOV PUPA INC", "city": "BROOKLYN", "state": "NY", "zip": "11211-7578", "ntee": "X30", "ruling": "201612", "deductibility": "1", "assets": 0, "income": 0, "revenue": 0}, {"ein": "464130324", "name": "TOLDOS YAKOV YOSEF", "city": "BROOKLYN", "state": "NY", "zip": "11211-8031", "ntee": "X30", "ruling": "201701", "deductibility": "1", "assets": 0, "income": 0, "revenue": 0}, {"ein": "472899581", "name": "CONG YESHIVA ZERA YAKOV INC", "city": "MONSEY", "state": "NY", "zip": "10952-0134", "ntee": "X30", "ruling": "201705", "deductibility": "1", "assets": 0, "income": 0, "revenue": 0}, {"ein": "475260664", "name": "CONG BEIR YAKOV", "city": "BROOKLYN", "state": "NY", "zip": "11219-1401", "ntee": "X30", "ruling": "201603", "deductibility": "1", "assets": 0, "income": 0, "revenue": 0}, {"ein": "510189821", "name": "TALMUD TORAH TOLDOS YAKOV YOSEF OF BORO PARK", "city": "BROOKLYN", "state": "NY", "zip": "11219-1408", "ntee": "", "ruling": "197606", "deductibility": "1", "assets": 0, "income": 0, "revenue": 0}, {"ein": "823662762", "name": "MACHNEI YAKOV YOSEF SKVER", "city": "BROOKLYN", "state": "NY", "zip": "11219-5198", "ntee": "X30", "ruling": "201804", "deductibility": "1", "assets": 0, "income": 0, "revenue": 0}, {"ein": "824452501", "name": "KESSER BAIS YAKOV", "city": "MONSEY", "state": "NY", "zip": "10952-8068", "ntee": "X30", "ruling": "201809", "deductibility": "1", "assets": 0, "income": 0, "revenue": 0}, {"ein": "824760085", "name": "MESIVTA NACHLAS YAKOV VIEN", "city": "BROOKLYN", "state": "NY", "zip": "11211-6804", "ntee": "X30", "ruling": "201812", "deductibility": "1", "assets": 0, "income": 0, "revenue": 0}, {"ein": "830385577", "name": "CONGREGATION GMACH YAKOV KOPEL INC", "city": "MONSEY", "state": "NY", "zip": "10952-0433", "ntee": "X30", "ruling": "200407", "deductibility": "1", "assets": 0, "income": 0, "revenue": 0}, {"ein": "833126753", "name": "CONGREGATION TOLDOS YISROEL YAKOV INC", "city": "MONROE", "state": "NY", "zip": "10950-7111", "ntee": "X30", "ruling": "201909", "deductibility": "1", "assets": 0, "income": 0, "revenue": 0}, {"ein": "834412554", "name": "CONGREGATION OHEL YAKOV", "city": "BROOKLYN", "state": "NY", "zip": "11219-3823", "ntee": "X30", "ruling": "202004", "deductibility": "1", "assets": 0, "income": 0, "revenue": 0}, {"ein": "843405498", "name": "BNEI YAKOV", "city": "MONSEY", "state": "NY", "zip": "10952-2404", "ntee": "X30", "ruling": "202008", "deductibility": "1", "assets": 0, "income": 0, "revenue": 0}, {"ein": "844045863", "name": "ABIR YAKOV", "city": "FAR ROCKAWAY", "state": "NY", "zip": "11691-1708", "ntee": "X30", "ruling": "202212", "deductibility": "1", "assets": 0, "income": 0, "revenue": 0}, {"ein": "853038979", "name": "CONGREGATION OHR YAKOV OF OSTROV", "city": "MONSEY", "state": "NY", "zip": "10952-2889", "ntee": "X30", "ruling": "202102", "deductibility": "1", "assets": 0, "income": 0, "revenue": 0}, {"ein": "862381450", "name": "CONG KHAL OHOLIE YAKOV PUTNAK", "city": "AIRMONT", "state": "NY", "zip": "10952-3035", "ntee": "X30", "ruling": "202109", "deductibility": "1", "assets": 0, "income": 0, "revenue": 0}, {"ein": "873181953", "name": "CONGREGATION TIFERES YAKOV OF SPRING VALLEY", "city": "SPRING VALLEY", "state": "NY", "zip": "10977-4976", "ntee": "X30", "ruling": "202206", "deductibility": "1", "assets": 0, "income": 0, "revenue": 0}, {"ein": "874260570", "name": "CHESED YAKOV YONAH FOUNDATION", "city": "MONSEY", "state": "NY", "zip": "10952-2948", "ntee": "T20", "ruling": "202204", "deductibility": "1", "assets": 91435, "income": 50011, "revenue": 0}, {"ein": "883028554", "name": "ZICHRON YAKOV PSHEVORSK", "city": "BROOKLYN", "state": "NY", "zip": "11219-5094", "ntee": "X30", "ruling": "202305", "deductibility": "1", "assets": 0, "income": 0, "revenue": 0}, {"ein": "920511958", "name": "NACHLES YAKOV INC", "city": "BROOKLYN", "state": "NY", "zip": "11205-2070", "ntee": "X30", "ruling": "202303", "deductibility": "1", "assets": 0, "income": 0, "revenue": 0}, {"ein": "922219652", "name": "AMERICAN FRIENDS OF MAMLECHET TORAH VACHESED ABIR YAKOV TZFAT INC", "city": "ALBANY", "state": "NY", "zip": "12207-1717", "ntee": "B19", "ruling": "202306", "deductibility": "1", "assets": 20260, "income": 100970, "revenue": 100970}, {"ein": "934217958", "name": "ZICHRON YAKOV SPINKA", "city": "BROOKLYN", "state": "NY", "zip": "11219-2290", "ntee": "X30", "ruling": "202406", "deductibility": "1", "assets": 0, "income": 0, "revenue": 0}, {"ein": "993820761", "name": "CONG NOAM YAKOV", "city": "SPRING VALLEY", "state": "NY", "zip": "10977-5895", "ntee": "X30", "ruling": "202501", "deductibility": "1", "assets": 0, "income": 0, "revenue": 0}], "WORD": [{"ein": "010801538", "name": "JESUS HOUSE CHURCH ARM OF THE LIVING WORD MINISTRIES INC", "city": "BROOKLYN", "state": "NY", "zip": "11207-6223", "ntee": "X21", "ruling": "200410", "deductibility": "1", "assets": 0, "income": 0, "revenue": 0}, {"ein": "010915123", "name": "LIVING WORD BIBLE CHURCH INC", "city": "OZONE PARK", "state": "NY", "zip": "11416-1418", "ntee": "X21", "ruling": "200906", "deductibility": "1", "assets": 0, "income": 0, "revenue": 0}, {"ein": "043242480", "name": "INSTITUTE OF THE INCARNATE WORD INC", "city": "NEW YORK", "state": "NY", "zip": "10035-4602", "ntee": "", "ruling": "194603", "deductibility": "1", "assets": 0, "income": 0, "revenue": 0}, {"ein": "061294482", "name": "WORD OF FAITH INC", "city": "S OZONE PARK", "state": "NY", "zip": "11420-3416", "ntee": "", "ruling": "199209", "deductibility": "1", "assets": 0, "income": 0, "revenue": 0}, {"ein": "061552615", "name": "LIVING WORD FAITH MINISTRIES INC", "city": "BROOKLYN", "state": "NY", "zip": "11236-1415", "ntee": "X21", "ruling": "200306", "deductibility": "1", "assets": 0, "income": 0, "revenue": 0}, {"ein": "061744994", "name": "WORD MINISTRIES INTERNATIONAL INC", "city": "BROOKLYN", "state": "NY", "zip": "11236-3942", "ntee": "X21", "ruling": "201210", "deductibility": "1", "assets": 0, "income": 0, "revenue": 0}, {"ein": "100000968", "name": "INSPIRED WORD MINISTRIES SANCTUARY OF PRAISE INC", "city": "BRONX", "state": "NY", "zip": "10467-5330", "ntee": "X21", "ruling": "200209", "deductibility": "1", "assets": 0, "income": 0, "revenue": 0}, {"ein": "111281055", "name": "LIVING WORD CHRISTIAN CENTER CHURCH", "city": "GREENE", "state": "NY", "zip": "13778-0128", "ntee": "", "ruling": "199205", "deductibility": "1", "assets": 0, "income": 0, "revenue": 0}, {"ein": "112543727", "name": "THE WORD OF GOD HOUR BAPTIST CHURCH INC", "city": "BRONX", "state": "NY", "zip": "10467-7045", "ntee": "X20", "ruling": "201711", "deductibility": "1", "assets": 0, "income": 0, "revenue": 0}, {"ein": "112862163", "name": "PREVAILING WORD MINISTRIES INC", "city": "BROOKLYN", "state": "NY", "zip": "11238-0331", "ntee": "", "ruling": "198802", "deductibility": "1", "assets": 0, "income": 0, "revenue": 0}, {"ein": "112885644", "name": "BROOKLYN WORD CHURCH INC 62 5TH AVE", "city": "BROOKLYN", "state": "NY", "zip": "11202-1681", "ntee": "", "ruling": "199204", "deductibility": "1", "assets": 0, "income": 0, "revenue": 0}, {"ein": "112906309", "name": "WORD OF LIFE CHURCH 1155 HALSEY ST", "city": "BROOKLYN", "state": "NY", "zip": "11216-3798", "ntee": "", "ruling": "199008", "deductibility": "1", "assets": 0, "income": 0, "revenue": 0}, {"ein": "112972491", "name": "WORD OF JESUS WORLD OUTREACH CHURCH CENTER", "city": "HOLBROOK", "state": "NY", "zip": "11741-4615", "ntee": "", "ruling": "198912", "deductibility": "1", "assets": 0, "income": 0, "revenue": 0}, {"ein": "113072699", "name": "LIVING WORD CHURCH OF GOD IN CHRIST", "city": "BROOKLYN", "state": "NY", "zip": "11225-2975", "ntee": "", "ruling": "199204", "deductibility": "1", "assets": 100840, "income": 195492, "revenue": 195492}, {"ein": "113183354", "name": "SPREAD THE WORD MINISTRIES", "city": "ST ALBANS", "state": "NY", "zip": "11412-2014", "ntee": "", "ruling": "199407", "deductibility": "1", "assets": 0, "income": 0, "revenue": 0}, {"ein": "113214717", "name": "WORD OF LIFE MINISTRIES HOLBROOK INC", "city": "HICKSVILLE", "state": "NY", "zip": "11801-1822", "ntee": "X99Z", "ruling": "199703", "deductibility": "0", "assets": 0, "income": 0, "revenue": 0}, {"ein": "113224053", "name": "WORD INTERNATIONAL FELLOWSHIP INC", "city": "NORTH BABYLON", "state": "NY", "zip": "11703-0816", "ntee": "X20J", "ruling": "199609", "deductibility": "1", "assets": 0, "income": 0, "revenue": 0}, {"ein": "113231195", "name": "WORLD EVANGELISM NETWORK ROYAL WORD ASSEMBLY INC", "city": "BROOKLYN", "state": "NY", "zip": "11225-3224", "ntee": "X21Z", "ruling": "199504", "deductibility": "1", "assets": 0, "income": 0, "revenue": 0}, {"ein": "113235737", "name": "IN THE WORD MINISTRY", "city": "WEST BABYLON", "state": "NY", "zip": "11704-2304", "ntee": "X20", "ruling": "199905", "deductibility": "1", "assets": 0, "income": 0, "revenue": 0}, {"ein": "113253366", "name": "WORD FOR VICTORY ASSEMBLY INC", "city": "RICHMOND HILL", "state": "NY", "zip": "11419-1545", "ntee": "X20Z", "ruling": "199701", "deductibility": "1", "assets": 0, "income": 0, "revenue": 0}, {"ein": "113258709", "name": "OPENING WORD PROGRAM INC", "city": "AMITYVILLE", "state": "NY", "zip": "11701-1115", "ntee": "", "ruling": "194603", "deductibility": "0", "assets": 440147, "income": 413111, "revenue": 413111}, {"ein": "113303418", "name": "WORD OF LIFE BRONX", "city": "BRONX", "state": "NY", "zip": "10459-5205", "ntee": "", "ruling": "199703", "deductibility": "0", "assets": 0, "income": 0, "revenue": 0}, {"ein": "113303420", "name": "WORD OF LIFE MINISTRIES OF BROWNSVILLE INC", "city": "BROOKLYN", "state": "NY", "zip": "11212-6934", "ntee": "X99Z", "ruling": "199703", "deductibility": "0", "assets": 0, "income": 0, "revenue": 0}, {"ein": "113381987", "name": "WORD OF LIFE MINISTRIES OF FAR ROCKAWAY INC", "city": "FAR ROCKAWAY", "state": "NY", "zip": "11692-1259", "ntee": "X99Z", "ruling": "199703", "deductibility": "0", "assets": 0, "income": 0, "revenue": 0}, {"ein": "113392877", "name": "INSPIRED BY THE WORD OF GOD INC", "city": "BROOKLYN", "state": "NY", "zip": "11238-3906", "ntee": "X20Z", "ruling": "199710", "deductibility": "1", "assets": 0, "income": 0, "revenue": 0}, {"ein": "113412048", "name": "AGAPE WORD OF FAITH MINISTRIES INTERNATIONAL INC", "city": "BROOKLYN", "state": "NY", "zip": "11203-4808", "ntee": "X21", "ruling": "199912", "deductibility": "1", "assets": 0, "income": 0, "revenue": 0}, {"ein": "113424441", "name": "BETHEL WORD OF FAITH CHURCH", "city": "BROOKLYN", "state": "NY", "zip": "11221-1703", "ntee": "X20", "ruling": "200006", "deductibility": "1", "assets": 0, "income": 0, "revenue": 0}, {"ein": "113425860", "name": "NEW BEGINING SURE WORD CHURCH INC", "city": "MINEOLA", "state": "NY", "zip": "11501-4614", "ntee": "X21Z", "ruling": "199806", "deductibility": "1", "assets": 0, "income": 0, "revenue": 0}, {"ein": "113453133", "name": "WORD OF LIGHT MINISTRY CHURCH AND COMMUNITY SERVICES", "city": "BROOKLYN", "state": "NY", "zip": "11207-3217", "ntee": "X212", "ruling": "199907", "deductibility": "1", "assets": 0, "income": 0, "revenue": 0}, {"ein": "113468024", "name": "TEHILLAH WORD MINISTRIES INC", "city": "LAURELTON", "state": "NY", "zip": "11413-1601", "ntee": "X21", "ruling": "201107", "deductibility": "1", "assets": 0, "income": 0, "revenue": 0}, {"ein": "113469512", "name": "WORD FOR VICTORY OUTREACH INC", "city": "JAMAICA", "state": "NY", "zip": "11435-4410", "ntee": "X20", "ruling": "199202", "deductibility": "1", "assets": 0, "income": 0, "revenue": 0}, {"ein": "113469689", "name": "WORD OF LIFE MINISTRIES OF RIVERHEAD", "city": "SHIRLEY", "state": "NY", "zip": "11967-1927", "ntee": "X20", "ruling": "200905", "deductibility": "1", "assets": 0, "income": 0, "revenue": 0}, {"ein": "113481094", "name": "WORD IN ACTION CHURCH", "city": "MANHASSET", "state": "NY", "zip": "11030-2325", "ntee": "X21", "ruling": "199907", "deductibility": "1", "assets": 0, "income": 0, "revenue": 0}, {"ein": "113488441", "name": "REVELATION OF LIVING WORD DELIVERANCE MINISTRIES INC", "city": "KEW GARDENS", "state": "NY", "zip": "11415-0000", "ntee": "X21", "ruling": "199908", "deductibility": "1", "assets": 0, "income": 0, "revenue": 0}, {"ein": "113511227", "name": "DIVINE WORD OF TRUTH CHURCH OF GOD IN CHRIST INC", "city": "BROOKLYN", "state": "NY", "zip": "11225-4121", "ntee": "X21", "ruling": "200005", "deductibility": "1", "assets": 0, "income": 0, "revenue": 0}, {"ein": "113515429", "name": "WALKING IN THE WORD OUTREACH MINISTRIES", "city": "BALDWIN", "state": "NY", "zip": "11510-1302", "ntee": "X20", "ruling": "200011", "deductibility": "1", "assets": 0, "income": 0, "revenue": 0}, {"ein": "113516528", "name": "LIVING WORD CHRISTIAN FELLOWSHIP INC", "city": "JAMAICA", "state": "NY", "zip": "11434-0573", "ntee": "X20", "ruling": "200201", "deductibility": "1", "assets": 0, "income": 0, "revenue": 0}, {"ein": "113564078", "name": "SPREAD THE WORD INC", "city": "MASSAPEQUA", "state": "NY", "zip": "11758-2652", "ntee": "X992", "ruling": "200001", "deductibility": "1", "assets": 0, "income": 0, "revenue": 0}, {"ein": "113579078", "name": "WORD OF FAITH INC", "city": "RIDGEWOOD", "state": "NY", "zip": "11385-2524", "ntee": "X200", "ruling": "200401", "deductibility": "1", "assets": 0, "income": 0, "revenue": 0}, {"ein": "113632424", "name": "AWESOME WORD MINISTRIES INC", "city": "BROOKLYN", "state": "NY", "zip": "11238-6134", "ntee": "X20", "ruling": "200212", "deductibility": "1", "assets": 0, "income": 0, "revenue": 0}, {"ein": "113633602", "name": "WORD LIBERATION MINISTRIES INC", "city": "FAR ROCKAWAY", "state": "NY", "zip": "11691-2543", "ntee": "X20", "ruling": "200410", "deductibility": "1", "assets": 677, "income": 40251, "revenue": 40251}, {"ein": "116077696", "name": "THE WORD MINISTRIES INC", "city": "BKLYN", "state": "NY", "zip": "11229-0290", "ntee": "", "ruling": "196612", "deductibility": "1", "assets": 0, "income": 0, "revenue": 0}, {"ein": "131855275", "name": "WORD FOUNDATION INC", "city": "ROCHESTER", "state": "NY", "zip": "14617-0510", "ntee": "X20Z", "ruling": "196804", "deductibility": "1", "assets": 694167, "income": 253290, "revenue": 80188}, {"ein": "133008575", "name": "LIVING WORD FELLOWSHIP", "city": "PEEKSKILL", "state": "NY", "zip": "10567-2615", "ntee": "", "ruling": "196402", "deductibility": "1", "assets": 0, "income": 0, "revenue": 0}, {"ein": "133092338", "name": "WORD OF FAITH TEMPLE INC", "city": "BRONX", "state": "NY", "zip": "10463-0283", "ntee": "", "ruling": "198803", "deductibility": "1", "assets": 0, "income": 0, "revenue": 0}, {"ein": "133254548", "name": "POWER OF GODS WORD MINISTRIES INC", "city": "BRONX", "state": "NY", "zip": "10463-3576", "ntee": "", "ruling": "198504", "deductibility": "1", "assets": 0, "income": 0, "revenue": 0}, {"ein": "133283902", "name": "LIVING WORD CHRISTIAN CENTER INC", "city": "NEW YORK", "state": "NY", "zip": "10007-3660", "ntee": "", "ruling": "198704", "deductibility": "1", "assets": 0, "income": 0, "revenue": 0}, {"ein": "133426994", "name": "WORD CHURCH OF GOD INCORPORATED C/O N ROBERT FOGGIE", "city": "BRONX", "state": "NY", "zip": "10475-2802", "ntee": "", "ruling": "199111", "deductibility": "1", "assets": 0, "income": 0, "revenue": 0}, {"ein": "133480190", "name": "LIVING WORD CHRISTIAN CHURCH INC", "city": "WHITE PLAINS", "state": "NY", "zip": "10605-5207", "ntee": "", "ruling": "199005", "deductibility": "1", "assets": 0, "income": 0, "revenue": 0}, {"ein": "133621670", "name": "WORD OF FAITH CHRISTIAN CENTER", "city": "NEW YORK", "state": "NY", "zip": "10116-0497", "ntee": "", "ruling": "199201", "deductibility": "1", "assets": 0, "income": 0, "revenue": 0}, {"ein": "133647184", "name": "ECCLESSIA WORD MINISTRIES INC", "city": "BRONX", "state": "NY", "zip": "10462-0564", "ntee": "", "ruling": "199405", "deductibility": "1", "assets": 0, "income": 0, "revenue": 0}, {"ein": "133676815", "name": "DOERS OF THE WORD CHRISTIAN CENTER", "city": "BRONX", "state": "NY", "zip": "10462-6310", "ntee": "X21", "ruling": "200010", "deductibility": "1", "assets": 0, "income": 0, "revenue": 0}, {"ein": "133685239", "name": "LIVING WORD MINISTRIES", "city": "YONKERS", "state": "NY", "zip": "10702-0623", "ntee": "", "ruling": "199409", "deductibility": "1", "assets": 0, "income": 0, "revenue": 0}, {"ein": "133685501", "name": "WORD OF FAITH CHRISTIAN CENTER INC", "city": "NEW YORK", "state": "NY", "zip": "10029-4703", "ntee": "X20", "ruling": "199908", "deductibility": "1", "assets": 0, "income": 0, "revenue": 0}, {"ein": "133830084", "name": "GOOD TIDING WORD OF GOD MINISTRIES", "city": "SPRING VALLEY", "state": "NY", "zip": "10977-0484", "ntee": "X20Z", "ruling": "199606", "deductibility": "1", "assets": 0, "income": 0, "revenue": 0}, {"ein": "133832048", "name": "ANOINTED WORD MINISTRIES FOUNDATION", "city": "CORTLANDT MNR", "state": "NY", "zip": "10567-5277", "ntee": "X21Z", "ruling": "199608", "deductibility": "1", "assets": 0, "income": 0, "revenue": 0}, {"ein": "133846559", "name": "CHRIST CHURCH THE WORD AFLAME MINISTRIES INC", "city": "MOUNT VERNON", "state": "NY", "zip": "10550-4830", "ntee": "X21", "ruling": "200011", "deductibility": "1", "assets": 0, "income": 0, "revenue": 0}, {"ein": "133880953", "name": "STORYVILLE CENTER FOR THE SPOKEN WORD INC", "city": "NEW YORK", "state": "NY", "zip": "10004-2482", "ntee": "A650", "ruling": "199707", "deductibility": "1", "assets": 12047296, "income": 13007845, "revenue": 12660839}, {"ein": "134005723", "name": "WORD OF FAITH MISSION WORLDWIDE INC", "city": "JAMAICA", "state": "NY", "zip": "11435-3623", "ntee": "X20Z", "ruling": "199809", "deductibility": "1", "assets": 0, "income": 0, "revenue": 0}, {"ein": "134114145", "name": "COMMUNITY-WORD PROJECT INC", "city": "NEW YORK", "state": "NY", "zip": "10004-3105", "ntee": "B022", "ruling": "200007", "deductibility": "1", "assets": 1021155, "income": 1523911, "revenue": 1474275}, {"ein": "134126324", "name": "WORD TO WORLD MINISTRIES INC", "city": "TAPPAN", "state": "NY", "zip": "10983-2307", "ntee": "X20", "ruling": "200007", "deductibility": "1", "assets": 0, "income": 0, "revenue": 0}, {"ein": "134162119", "name": "WORD OF GOD MINISTRIES INC", "city": "BRONX", "state": "NY", "zip": "10457-5132", "ntee": "X20", "ruling": "200801", "deductibility": "1", "assets": 0, "income": 0, "revenue": 0}, {"ein": "135648615", "name": "WORD OF LIFE FELLOWSHIP INC", "city": "SCHROON LAKE", "state": "NY", "zip": "12870-0600", "ntee": "X200", "ruling": "194504", "deductibility": "1", "assets": 148559534, "income": 70433226, "revenue": 68685329}, {"ein": "141591023", "name": "LIVING WORD CHAPEL", "city": "WEST HURLEY", "state": "NY", "zip": "12491-0000", "ntee": "", "ruling": "198107", "deductibility": "1", "assets": 0, "income": 0, "revenue": 0}, {"ein": "141756776", "name": "WORD OF LIFE FAMILY WORSHIP CENTER", "city": "CHATHAM", "state": "NY", "zip": "12037-0000", "ntee": "", "ruling": "196411", "deductibility": "1", "assets": 0, "income": 0, "revenue": 0}, {"ein": "146013006", "name": "WORD OF LIFE CAMPS INC", "city": "SCHROON LAKE", "state": "NY", "zip": "12870-0600", "ntee": "", "ruling": "196103", "deductibility": "1", "assets": 0, "income": 0, "revenue": 0}, {"ein": "160763154", "name": "LUTHERAN CHURCH OF THE INCARNATE WORD", "city": "ROCHESTER", "state": "NY", "zip": "14607-2004", "ntee": "", "ruling": "198804", "deductibility": "1", "assets": 0, "income": 0, "revenue": 0}, {"ein": "160872050", "name": "WORD OF LIFE CHURCH INC", "city": "BUFFALO", "state": "NY", "zip": "14222-2019", "ntee": "", "ruling": "196402", "deductibility": "1", "assets": 0, "income": 0, "revenue": 0}, {"ein": "161155513", "name": "LIVING WORD ASSEMBLY OF GOD", "city": "ONTARIO", "state": "NY", "zip": "14519-9558", "ntee": "", "ruling": "196408", "deductibility": "1", "assets": 0, "income": 0, "revenue": 0}, {"ein": "161177453", "name": "GLORIA FUSTINOS LIVING WORD MINISTRIES INC", "city": "NIAGARA FALLS", "state": "NY", "zip": "14304-3802", "ntee": "", "ruling": "198303", "deductibility": "1", "assets": 0, "income": 0, "revenue": 0}, {"ein": "161189201", "name": "WORD OF LIFE ASSEMBLY OF GOD", "city": "BALDWINSVILLE", "state": "NY", "zip": "13027-0086", "ntee": "", "ruling": "196408", "deductibility": "1", "assets": 0, "income": 0, "revenue": 0}, {"ein": "161200794", "name": "THE LIVING WORD CHRISTIAN CHURCH INC", "city": "WAVERLY", "state": "NY", "zip": "14892-9402", "ntee": "", "ruling": "199107", "deductibility": "1", "assets": 0, "income": 0, "revenue": 0}, {"ein": "161218800", "name": "LIVING WORD FREE METHODIST CHURCH", "city": "CORTLAND", "state": "NY", "zip": "13045-2084", "ntee": "", "ruling": "195806", "deductibility": "1", "assets": 0, "income": 0, "revenue": 0}, {"ein": "161273509", "name": "SPIRIT-WORD MINISTRIES INC", "city": "LANCASTER", "state": "NY", "zip": "14086-1476", "ntee": "X20", "ruling": "200104", "deductibility": "1", "assets": 0, "income": 0, "revenue": 0}, {"ein": "161335391", "name": "WORD OF LIFE MINISTRIES", "city": "NIAGARA FALLS", "state": "NY", "zip": "14305-3249", "ntee": "T20Z", "ruling": "199710", "deductibility": "1", "assets": 0, "income": 0, "revenue": 0}, {"ein": "161388158", "name": "WORD OF LIFE CHRISTIAN FELLOWSHIP INC", "city": "BUFFALO", "state": "NY", "zip": "14212-1342", "ntee": "", "ruling": "199105", "deductibility": "1", "assets": 0, "income": 0, "revenue": 0}, {"ein": "161450334", "name": "WORD OF LIFE CHURCH BUFFALO", "city": "BUFFALO", "state": "NY", "zip": "14213-1455", "ntee": "X99Z", "ruling": "199604", "deductibility": "1", "assets": 0, "income": 0, "revenue": 0}, {"ein": "161450821", "name": "LIVING WORD CHURCH INC", "city": "NIAGARA FALLS", "state": "NY", "zip": "14305-3220", "ntee": "X21Z", "ruling": "199507", "deductibility": "1", "assets": 0, "income": 0, "revenue": 0}, {"ein": "161471083", "name": "THE FELLOWSHIP OF GODS WORD INC", "city": "N TONAWANDA", "state": "NY", "zip": "14120-2512", "ntee": "X20Z", "ruling": "199505", "deductibility": "1", "assets": 0, "income": 0, "revenue": 0}, {"ein": "161504817", "name": "CENTER OF THE LIVING WORD", "city": "CLARENCE", "state": "NY", "zip": "14031-1203", "ntee": "X99Z", "ruling": "199704", "deductibility": "1", "assets": 0, "income": 0, "revenue": 0}, {"ein": "161534473", "name": "LIVING WORD TEMPLE OF RESTORATION", "city": "ROCHESTER", "state": "NY", "zip": "14606-3023", "ntee": "X20", "ruling": "200009", "deductibility": "1", "assets": 0, "income": 0, "revenue": 0}, {"ein": "161569223", "name": "WORD OF LIFE FELLOWSHIP CHURCH", "city": "ROCHESTER", "state": "NY", "zip": "14608-2440", "ntee": "X21", "ruling": "200206", "deductibility": "1", "assets": 0, "income": 0, "revenue": 0}, {"ein": "161572384", "name": "WORD OF THE CROSS CHURCH INC", "city": "ROCHESTER", "state": "NY", "zip": "14607-1341", "ntee": "X20", "ruling": "199910", "deductibility": "1", "assets": 0, "income": 0, "revenue": 0}, {"ein": "161576565", "name": "FAITH WORD FELLOWSHIP", "city": "BUFFALO", "state": "NY", "zip": "14219-0617", "ntee": "X21", "ruling": "200310", "deductibility": "1", "assets": 0, "income": 0, "revenue": 0}, {"ein": "161577445", "name": "LIVING WORD FAMILY CHURCH INC", "city": "CALEDONIA", "state": "NY", "zip": "14423-1014", "ntee": "X21", "ruling": "200212", "deductibility": "1", "assets": 0, "income": 0, "revenue": 0}, {"ein": "161605869", "name": "WORD OF LIFE CHRISTIAN MINISTRIES", "city": "ROCHESTER", "state": "NY", "zip": "14613-2342", "ntee": "X20", "ruling": "200204", "deductibility": "1", "assets": 0, "income": 0, "revenue": 0}, {"ein": "203150474", "name": "LIVING WORD CHURCH INC", "city": "BRONX", "state": "NY", "zip": "10462-3695", "ntee": "X21", "ruling": "200803", "deductibility": "1", "assets": 0, "income": 0, "revenue": 0}, {"ein": "203480659", "name": "WORD OF LIFE MINISTRY - MINISTERIO PALABRA DE VIDA", "city": "BROOKLYN", "state": "NY", "zip": "11206-5031", "ntee": "X20", "ruling": "201309", "deductibility": "1", "assets": 0, "income": 0, "revenue": 0}, {"ein": "203517025", "name": "REFRESHING WORD MINISTRIES", "city": "BRONX", "state": "NY", "zip": "10458-1787", "ntee": "X20", "ruling": "201308", "deductibility": "1", "assets": 0, "income": 0, "revenue": 0}, {"ein": "204175274", "name": "LIVING WORD CHRISTIAN CHURCH INC", "city": "NEW ROCHELLE", "state": "NY", "zip": "10805-3204", "ntee": "X21", "ruling": "200612", "deductibility": "1", "assets": 0, "income": 0, "revenue": 0}, {"ein": "204219697", "name": "LIVING WORD CHRISTIAN INTERNATIONAL ASSEMBLY", "city": "BRONX", "state": "NY", "zip": "10452-2614", "ntee": "X20", "ruling": "201905", "deductibility": "1", "assets": 0, "income": 0, "revenue": 0}, {"ein": "205105324", "name": "LIVING WORD CHRISTIAN FELLOWSHIPINC", "city": "EAST MEADOW", "state": "NY", "zip": "11554-3955", "ntee": "X21", "ruling": "200701", "deductibility": "1", "assets": 0, "income": 0, "revenue": 0}, {"ein": "208809329", "name": "WORD OF FAITH", "city": "BARTON", "state": "NY", "zip": "13734-2005", "ntee": "", "ruling": "196412", "deductibility": "1", "assets": 0, "income": 0, "revenue": 0}, {"ein": "208860613", "name": "NEW COVENANT OF THE WORD OF LIFEMINISTRIES INC", "city": "BRENTWOOD", "state": "NY", "zip": "11717-4103", "ntee": "X20", "ruling": "200811", "deductibility": "1", "assets": 0, "income": 0, "revenue": 0}, {"ein": "222212538", "name": "SERVANTS OF THE WORD INC", "city": "GLENS FALLS", "state": "NY", "zip": "12801-7306", "ntee": "", "ruling": "197809", "deductibility": "1", "assets": 4580218, "income": 3167261, "revenue": 3078967}, {"ein": "222449977", "name": "WORD OF FAITH FELLOWSHIP", "city": "ALFRED", "state": "NY", "zip": "14802-1316", "ntee": "", "ruling": "198312", "deductibility": "1", "assets": 0, "income": 0, "revenue": 0}, {"ein": "222549229", "name": "LIVING WORD FELLOWSHIP INC", "city": "UTICA", "state": "NY", "zip": "13501-4605", "ntee": "", "ruling": "198409", "deductibility": "1", "assets": 0, "income": 0, "revenue": 0}, {"ein": "222586094", "name": "WORD OF LIFE INC", "city": "CHESTER", "state": "NY", "zip": "10918-4007", "ntee": "", "ruling": "198504", "deductibility": "1", "assets": 0, "income": 0, "revenue": 0}, {"ein": "222650831", "name": "SPIRIT AND LIFE WORD MINISTRIES INC", "city": "SUFFERN", "state": "NY", "zip": "10901-7803", "ntee": "", "ruling": "198701", "deductibility": "1", "assets": 0, "income": 0, "revenue": 0}, {"ein": "222678489", "name": "REVEALED WORD CHRISTIAN CENTER INC", "city": "CAMBRIA HTS", "state": "NY", "zip": "11411-1851", "ntee": "", "ruling": "198702", "deductibility": "1", "assets": 0, "income": 0, "revenue": 0}, {"ein": "223620823", "name": "WORD OF LIFE AT REHOBOTH HILLS INC", "city": "YOUNGSVILLE", "state": "NY", "zip": "12791-0469", "ntee": "X20", "ruling": "200805", "deductibility": "1", "assets": 0, "income": 0, "revenue": 0}, {"ein": "223777790", "name": "THE WORD FORUM INC", "city": "KATONAH", "state": "NY", "zip": "10536-3181", "ntee": "X80", "ruling": "200107", "deductibility": "1", "assets": 566145, "income": 1572593, "revenue": 1569765}, {"ein": "237199031", "name": "ST JOHN THE BAPTIST CH OF THE ETERNAL WORD IN JESUS CHRIST INC", "city": "ALBANY", "state": "NY", "zip": "12210-2519", "ntee": "", "ruling": "197206", "deductibility": "1", "assets": 0, "income": 0, "revenue": 0}, {"ein": "261094473", "name": "WORD LIFE CHURCH", "city": "NEW ROCHELLE", "state": "NY", "zip": "10805-3428", "ntee": "X20", "ruling": "200904", "deductibility": "1", "assets": 0, "income": 0, "revenue": 0}, {"ein": "261652795", "name": "WORD OF GOD INTERNATIONAL MINISTRIES INC", "city": "HEMPSTEAD", "state": "NY", "zip": "11550-5201", "ntee": "X20", "ruling": "200812", "deductibility": "1", "assets": 23744, "income": 100276, "revenue": 100276}, {"ein": "262184652", "name": "WORD OF FAITH DELIVERANCE MINISTRIES INC", "city": "BROOKLYN", "state": "NY", "zip": "11212-1245", "ntee": "X21", "ruling": "200806", "deductibility": "1", "assets": 0, "income": 0, "revenue": 0}, {"ein": "262859762", "name": "LIVING WORD FAMILY MINISTRIES INC", "city": "BROOKLYN", "state": "NY", "zip": "11233-0000", "ntee": "X20", "ruling": "200903", "deductibility": "1", "assets": 0, "income": 0, "revenue": 0}, {"ein": "263164873", "name": "WORD OF HOPE MINISTRIES", "city": "STATEN ISLAND", "state": "NY", "zip": "10303-1610", "ntee": "X20", "ruling": "201008", "deductibility": "1", "assets": 0, "income": 0, "revenue": 0}, {"ein": "264203031", "name": "VICTORIOUS TRIUMPHANT WORD INTERNATIONAL CHURCH INC", "city": "BROOKLYN", "state": "NY", "zip": "11230-1921", "ntee": "X20", "ruling": "201201", "deductibility": "1", "assets": 0, "income": 0, "revenue": 0}, {"ein": "264691103", "name": "SPOKEN WORD OF GOD MINISTRIES INCORPORATED", "city": "WHITE PLAINS", "state": "NY", "zip": "10607-1027", "ntee": "X21", "ruling": "201202", "deductibility": "1", "assets": 0, "income": 0, "revenue": 0}, {"ein": "270836532", "name": "WORD OF FAITH DELIVERANCE MINISTRY INC", "city": "UNIONDALE", "state": "NY", "zip": "11556-0626", "ntee": "X20", "ruling": "201407", "deductibility": "1", "assets": 0, "income": 0, "revenue": 0}, {"ein": "272161492", "name": "INTERNATIONAL WORD OF FAITH MINISTRIES", "city": "BUFFALO", "state": "NY", "zip": "14214-1209", "ntee": "X21", "ruling": "201206", "deductibility": "1", "assets": 0, "income": 0, "revenue": 0}, {"ein": "300185080", "name": "WORLD OVERCOMERS WORD OF LIFE", "city": "BROOKLYN", "state": "NY", "zip": "11239-2621", "ntee": "X21", "ruling": "200404", "deductibility": "1", "assets": 0, "income": 0, "revenue": 0}, {"ein": "320250944", "name": "URBAN WORD NYC INC", "city": "NEW YORK", "state": "NY", "zip": "10113-1813", "ntee": "B90", "ruling": "200908", "deductibility": "1", "assets": 1272621, "income": 651003, "revenue": 642395}, {"ein": "352306551", "name": "HIS WORD REVEALED CHURCH", "city": "GLENFORD", "state": "NY", "zip": "12433-0157", "ntee": "X20", "ruling": "200908", "deductibility": "1", "assets": 0, "income": 0, "revenue": 0}, {"ein": "352404634", "name": "WORD FOR LIFE CHRISTIAN CHURCH INC", "city": "VALLEY STREAM", "state": "NY", "zip": "11581-1742", "ntee": "X20", "ruling": "201208", "deductibility": "1", "assets": 0, "income": 0, "revenue": 0}, {"ein": "383882821", "name": "LIFE IN THE WORD MINISTRIES INC", "city": "BRONX", "state": "NY", "zip": "10469-1203", "ntee": "X20", "ruling": "201511", "deductibility": "1", "assets": 0, "income": 0, "revenue": 0}, {"ein": "392063356", "name": "WORD OF LIFE INTERNATIONAL INC", "city": "BRONX", "state": "NY", "zip": "10459-3907", "ntee": "P20", "ruling": "200805", "deductibility": "1", "assets": 1255851, "income": 4567647, "revenue": 4567647}, {"ein": "412073580", "name": "FREE WORD MINISTRIES INC", "city": "E GREENBUSH", "state": "NY", "zip": "12061-2202", "ntee": "X80", "ruling": "200308", "deductibility": "1", "assets": 0, "income": 0, "revenue": 0}, {"ein": "412183533", "name": "JC EVAN WORD OF LIFE MIN", "city": "ROCHESTER", "state": "NY", "zip": "14609-0000", "ntee": "", "ruling": "199112", "deductibility": "1", "assets": 0, "income": 0, "revenue": 0}, {"ein": "452899583", "name": "WORD OF LIFE FOUNDATION INC", "city": "SCHROON LAKE", "state": "NY", "zip": "12870-0600", "ntee": "X111", "ruling": "201205", "deductibility": "1", "assets": 28006828, "income": 24796470, "revenue": 24510604}, {"ein": "454195101", "name": "LIVING WORD TABERNACLE INC", "city": "ALBANY", "state": "NY", "zip": "12203-2633", "ntee": "X20", "ruling": "201411", "deductibility": "1", "assets": 0, "income": 0, "revenue": 0}, {"ein": "454807318", "name": "CHRISTIAN WORD OF FAITH MINISTRIES", "city": "SMITHTOWN", "state": "NY", "zip": "11787-2804", "ntee": "X20", "ruling": "201606", "deductibility": "1", "assets": 0, "income": 0, "revenue": 0}, {"ein": "454976550", "name": "THE WORD EXPLOSION MINISTRIES INC", "city": "JAMAICA", "state": "NY", "zip": "11436-1321", "ntee": "X21", "ruling": "201302", "deductibility": "1", "assets": 0, "income": 0, "revenue": 0}, {"ein": "461141920", "name": "WORD MADE FLESH", "city": "NEW YORK", "state": "NY", "zip": "10014-2033", "ntee": "R30", "ruling": "201301", "deductibility": "1", "assets": 0, "income": 0, "revenue": 0}, {"ein": "463119535", "name": "PENTECOSTAL CHURCH THE VOICE OF THE WORD INC", "city": "BUFFALO", "state": "NY", "zip": "14220-1829", "ntee": "X21", "ruling": "201410", "deductibility": "1", "assets": 0, "income": 0, "revenue": 0}, {"ein": "463404791", "name": "GLORIOUS WORD MINISTRIES INC", "city": "POUGHKEEPSIE", "state": "NY", "zip": "12603-6721", "ntee": "X20", "ruling": "201407", "deductibility": "1", "assets": 0, "income": 0, "revenue": 0}, {"ein": "463612066", "name": "EMPOWERING WORD INC", "city": "JAMAICA", "state": "NY", "zip": "11436-1525", "ntee": "X20", "ruling": "201509", "deductibility": "1", "assets": 0, "income": 0, "revenue": 0}, {"ein": "464021773", "name": "MIGHTY WORD OF GOD INTL MINISTRIES", "city": "BRONX", "state": "NY", "zip": "10459-0379", "ntee": "X21", "ruling": "201610", "deductibility": "1", "assets": 0, "income": 0, "revenue": 0}, {"ein": "465654525", "name": "MANIFESTATION OF THE WORD MINISTRIES INC", "city": "FREEPORT", "state": "NY", "zip": "11520-5706", "ntee": "X11", "ruling": "201709", "deductibility": "1", "assets": 0, "income": 0, "revenue": 0}, {"ein": "465712044", "name": "ETERNAL WORD MINISTRIES INC", "city": "MANHASSET", "state": "NY", "zip": "11030-3912", "ntee": "X20", "ruling": "201409", "deductibility": "1", "assets": 0, "income": 0, "revenue": 0}, {"ein": "471515601", "name": "LIVING WORD CHRISTIAN FELLOWSHIP", "city": "NANUET", "state": "NY", "zip": "10954-2922", "ntee": "X20", "ruling": "201510", "deductibility": "1", "assets": 0, "income": 0, "revenue": 0}, {"ein": "472613778", "name": "SPOKEN WORD OUTREACH MINISTRIES", "city": "POUGHKEEPSIE", "state": "NY", "zip": "12601-3105", "ntee": "X20", "ruling": "201802", "deductibility": "1", "assets": 0, "income": 0, "revenue": 0}, {"ein": "473217236", "name": "MISSIONARY ECCLESIAL MOVEMENT WORD OF GOD INC", "city": "YONKERS", "state": "NY", "zip": "10704-2706", "ntee": "X99", "ruling": "201602", "deductibility": "1", "assets": 4723, "income": 113711, "revenue": 110769}, {"ein": "474263710", "name": "LIFE IN THE WORD FELLOWSHIP", "city": "YONKERS", "state": "NY", "zip": "10704-3040", "ntee": "X20", "ruling": "201602", "deductibility": "1", "assets": 0, "income": 0, "revenue": 0}, {"ein": "474487886", "name": "WORD OF LIFE CHRISTIAN CHURCH MINISTRIES INC", "city": "S OZONE PARK", "state": "NY", "zip": "11420-1612", "ntee": "X20", "ruling": "202012", "deductibility": "1", "assets": 0, "income": 0, "revenue": 0}, {"ein": "474682219", "name": "WOWMII-WORLD OVERCOMERS WORD MINISTRIES INTERNATIONAL", "city": "BROOKLYN", "state": "NY", "zip": "11221-7215", "ntee": "X20", "ruling": "201509", "deductibility": "1", "assets": 0, "income": 0, "revenue": 0}, {"ein": "510244866", "name": "CHURCH OF THE LIVING WORD INC", "city": "SYRACUSE", "state": "NY", "zip": "13206-1302", "ntee": "", "ruling": "197302", "deductibility": "1", "assets": 0, "income": 0, "revenue": 0}, {"ein": "510463049", "name": "TABERNACLE OF PRAYER WORD MINISTRIES INC", "city": "JAMAICA", "state": "NY", "zip": "11433-3035", "ntee": "X20", "ruling": "200101", "deductibility": "1", "assets": 0, "income": 0, "revenue": 0}, {"ein": "522153552", "name": "WORD OF LIFE CHRISTIAN FELLOWSHIP INTERNATIONAL", "city": "BRONX", "state": "NY", "zip": "10455-1704", "ntee": "X20", "ruling": "199912", "deductibility": "1", "assets": 0, "income": 0, "revenue": 0}, {"ein": "522454787", "name": "LIVING WORD CHURCH OF GOD INC", "city": "NEWBURGH", "state": "NY", "zip": "12550-0835", "ntee": "X21", "ruling": "201209", "deductibility": "1", "assets": 0, "income": 0, "revenue": 0}, {"ein": "581309712", "name": "CREATIVE WORD MINISTRIES INC", "city": "LIMA", "state": "NY", "zip": "14485-0551", "ntee": "X21Z", "ruling": "197905", "deductibility": "1", "assets": 24640, "income": 109873, "revenue": 109873}, {"ein": "582535596", "name": "LIVING WORD MINISTRIES INTERNATIONAL INC", "city": "HOLLIS", "state": "NY", "zip": "11423-2515", "ntee": "X21", "ruling": "200407", "deductibility": "1", "assets": 0, "income": 0, "revenue": 0}, {"ein": "582677139", "name": "WORD NEWS MINISTRIES INC", "city": "SCHENECTADY", "state": "NY", "zip": "12309-5711", "ntee": "Q70", "ruling": "200908", "deductibility": "1", "assets": 0, "income": 0, "revenue": 0}, {"ein": "611619603", "name": "WORD DOERS SIGNS AND WONDERS MINISTRIES INC", "city": "BROOKLYN", "state": "NY", "zip": "11236-3316", "ntee": "X20", "ruling": "201104", "deductibility": "1", "assets": 0, "income": 0, "revenue": 0}, {"ein": "650343378", "name": "A DRAMATIZED WORD INC", "city": "HEMPSTEAD", "state": "NY", "zip": "11550-7206", "ntee": "", "ruling": "199301", "deductibility": "1", "assets": 0, "income": 0, "revenue": 0}, {"ein": "721538105", "name": "ACOUSTIC NEW WORD TRADITIONS LTD", "city": "NEW YORK", "state": "NY", "zip": "10014-3914", "ntee": "A25", "ruling": "200304", "deductibility": "1", "assets": 0, "income": 0, "revenue": 0}, {"ein": "743174797", "name": "WORD OF THE LORD COMMUNITY MINISTRY", "city": "WYANDANCH", "state": "NY", "zip": "11798-0162", "ntee": "X200", "ruling": "200710", "deductibility": "1", "assets": 0, "income": 0, "revenue": 0}, {"ein": "752332652", "name": "WORD CHRISTIAN CENTER INC", "city": "ROCHESTER", "state": "NY", "zip": "14618-5703", "ntee": "X30Z", "ruling": "199511", "deductibility": "1", "assets": 0, "income": 0, "revenue": 0}, {"ein": "753029377", "name": "LIVING WORD CHURCH OF GOD IN CHRIST INC", "city": "ROCHESTER", "state": "NY", "zip": "14621-3405", "ntee": "X21", "ruling": "200807", "deductibility": "1", "assets": 0, "income": 0, "revenue": 0}, {"ein": "800485136", "name": "LIVING WORD URBAN CHRISTIAN INSTITUTE", "city": "ROCHESTER", "state": "NY", "zip": "14621-3405", "ntee": "P20", "ruling": "201212", "deductibility": "1", "assets": 0, "income": 0, "revenue": 0}, {"ein": "810802857", "name": "WORD INTERNATIONAL SCHOOL OF LEADERSHIP WISL INC", "city": "QUEENS", "state": "NY", "zip": "11693-0000", "ntee": "X20", "ruling": "201808", "deductibility": "1", "assets": 0, "income": 0, "revenue": 0}, {"ein": "813259933", "name": "TRANSFORMING LIVES THROUGH THE WORD", "city": "BRONX", "state": "NY", "zip": "10467-4803", "ntee": "S80", "ruling": "201710", "deductibility": "1", "assets": 0, "income": 0, "revenue": 0}, {"ein": "814108031", "name": "WORD OF FIRE MINISTRY INC", "city": "BRONX", "state": "NY", "zip": "10457-1610", "ntee": "X20", "ruling": "201708", "deductibility": "1", "assets": 0, "income": 0, "revenue": 0}, {"ein": "815112351", "name": "WORD ENTERPRISE MINISTRIES INC", "city": "BROOKLYN", "state": "NY", "zip": "11213-4207", "ntee": "X20", "ruling": "201905", "deductibility": "1", "assets": 0, "income": 0, "revenue": 0}, {"ein": "822365530", "name": "LIVING WORD BIBLE CHURCH", "city": "SARATOGA SPGS", "state": "NY", "zip": "12866-9159", "ntee": "", "ruling": "199407", "deductibility": "1", "assets": 0, "income": 0, "revenue": 0}, {"ein": "822845682", "name": "REAL WORD MINISTRIES INC", "city": "BROOKLYN", "state": "NY", "zip": "11236-4763", "ntee": "P40", "ruling": "201812", "deductibility": "1", "assets": 0, "income": 0, "revenue": 0}, {"ein": "825230135", "name": "WORD CHURCH INTERNATIONAL FAMILY WORSHIP CENTER INC", "city": "CORTLANDT MNR", "state": "NY", "zip": "10567-7456", "ntee": "X20", "ruling": "201905", "deductibility": "1", "assets": 0, "income": 0, "revenue": 0}, {"ein": "830420667", "name": "HOLY FIRE DYNAMIC WORD INTERNATIONAL CHURCH INC", "city": "BRONX", "state": "NY", "zip": "10460-0244", "ntee": "X20", "ruling": "201003", "deductibility": "1", "assets": 0, "income": 0, "revenue": 0}, {"ein": "830629404", "name": "WORD ACTION & DEED MINISTRIES INC", "city": "NEW YORK", "state": "NY", "zip": "10023-7308", "ntee": "O50", "ruling": "202007", "deductibility": "1", "assets": 0, "income": 0, "revenue": 0}, {"ein": "842797430", "name": "QUICKENING WORD BAPTIST CHURCH INTERNATIONAL INCORPORATED", "city": "BRONX", "state": "NY", "zip": "10457-2547", "ntee": "X20", "ruling": "202204", "deductibility": "1", "assets": 0, "income": 0, "revenue": 0}, {"ein": "843514375", "name": "GET THE WORD OUT 2GATHER MINISTRIES", "city": "WHITE PLAINS", "state": "NY", "zip": "10603-2734", "ntee": "X01", "ruling": "202111", "deductibility": "1", "assets": 0, "income": 0, "revenue": 0}, {"ein": "844501775", "name": "JESUS THE WORD CHURCH", "city": "BAYSIDE HILLS", "state": "NY", "zip": "11364-1228", "ntee": "X20", "ruling": "202005", "deductibility": "1", "assets": 0, "income": 0, "revenue": 0}, {"ein": "850517301", "name": "THE TRUE WORD OF GOD MINISTRIES INC", "city": "DEER PARK", "state": "NY", "zip": "11729-7807", "ntee": "X20", "ruling": "202104", "deductibility": "1", "assets": 0, "income": 0, "revenue": 0}, {"ein": "853968251", "name": "WORD FROMTHE HEARTOF GOD INC", "city": "CORAM", "state": "NY", "zip": "11727-4500", "ntee": "X80", "ruling": "202109", "deductibility": "1", "assets": 0, "income": 0, "revenue": 0}, {"ein": "871888285", "name": "SPREADING THE WORD OF GOD INC", "city": "FORT ANN", "state": "NY", "zip": "12827-3203", "ntee": "B99", "ruling": "202210", "deductibility": "1", "assets": 0, "income": 0, "revenue": 0}, {"ein": "881722591", "name": "ABIDE IN THE WORD INC", "city": "FRESH MEADOWS", "state": "NY", "zip": "11365-1126", "ntee": "X20", "ruling": "202207", "deductibility": "1", "assets": 0, "income": 0, "revenue": 0}, {"ein": "884038927", "name": "AMPLE WORD MINISTRIES", "city": "BUFFALO", "state": "NY", "zip": "14215-3130", "ntee": "X21", "ruling": "202305", "deductibility": "1", "assets": 0, "income": 0, "revenue": 0}, {"ein": "923290100", "name": "POWERFUL WORD CHURCH INC", "city": "SELDEN", "state": "NY", "zip": "11784-0867", "ntee": "X20", "ruling": "202306", "deductibility": "1", "assets": 0, "income": 0, "revenue": 0}, {"ein": "932840747", "name": "TRANSFORMING WORD CORP", "city": "WORCESTER", "state": "NY", "zip": "12197-2212", "ntee": "X20", "ruling": "202405", "deductibility": "1", "assets": 0, "income": 0, "revenue": 0}, {"ein": "934111763", "name": "LIFE CHANGING WORD CHURCH OF ORANGE COUNTY INC", "city": "ROCK TAVERN", "state": "NY", "zip": "12575-5560", "ntee": "X20", "ruling": "202405", "deductibility": "1", "assets": 0, "income": 0, "revenue": 0}, {"ein": "990867923", "name": "WORD OF LIGHT MINISTRIES INC", "city": "BRONXVILLE", "state": "NY", "zip": "10708-4417", "ntee": "X20", "ruling": "202402", "deductibility": "1", "assets": 0, "income": 0, "revenue": 0}, {"ein": "990975447", "name": "ENLIGHTENED WORD INC", "city": "MASTIC BEACH", "state": "NY", "zip": "11951-2711", "ntee": "X99", "ruling": "202405", "deductibility": "1", "assets": 0, "income": 0, "revenue": 0}, {"ein": "991603608", "name": "HIGHER WORD", "city": "NEW YORK", "state": "NY", "zip": "10075-2186", "ntee": "X80", "ruling": "202403", "deductibility": "1", "assets": 0, "income": 0, "revenue": 0}, {"ein": "993455042", "name": "PRINTED WORD FOUNDATION", "city": "FRANKLIN", "state": "NY", "zip": "13775-0053", "ntee": "A20", "ruling": "202409", "deductibility": "1", "assets": 0, "income": 0, "revenue": 0}], "PEACE": [{"ein": "010885806", "name": "PEACE ACTION FUND OF NEW YORK STATE INC", "city": "STATEN ISLAND", "state": "NY", "zip": "10301-1609", "ntee": "B990", "ruling": "200707", "deductibility": "1", "assets": 221516, "income": 251992, "revenue": 242430}, {"ein": "020777832", "name": "KEEP THE PEACE FOUNDATION", "city": "AMITYVILLE", "state": "NY", "zip": "11701-1010", "ntee": "O50", "ruling": "202406", "deductibility": "1", "assets": 0, "income": 0, "revenue": 0}, {"ein": "030213226", "name": "INTERNATIONAL PEACE INSTITUTE INC", "city": "NEW YORK", "state": "NY", "zip": "10017-3521", "ntee": "Q400", "ruling": "195605", "deductibility": "1", "assets": 6905318, "income": 5036386, "revenue": 5036386}, {"ein": "030360093", "name": "INTERNATIONAL INSTITUTE FOR PEACE THROUGH TOURISM INC", "city": "UTICA", "state": "NY", "zip": "13501-1341", "ntee": "Q33", "ruling": "200503", "deductibility": "1", "assets": 0, "income": 0, "revenue": 0}, {"ein": "061688083", "name": "GOSPEL OF PEACE INTERNATIONAL INC", "city": "HEMPSTEAD", "state": "NY", "zip": "11550-5707", "ntee": "X99", "ruling": "202204", "deductibility": "1", "assets": 119139, "income": 281281, "revenue": 281281}, {"ein": "112427415", "name": "PEACE LUTHERAN CHURCH C O HERBERT PEDERSEN", "city": "MALVERNE", "state": "NY", "zip": "11565-2316", "ntee": "", "ruling": "197803", "deductibility": "1", "assets": 0, "income": 0, "revenue": 0}, {"ein": "112484173", "name": "PRINCE OF PEACE MISSIONARY BAPTIST CHURCH", "city": "JAMAICA", "state": "NY", "zip": "11412-1612", "ntee": "", "ruling": "195504", "deductibility": "1", "assets": 0, "income": 0, "revenue": 0}, {"ein": "112574300", "name": "GODS PENTECOSTAL CHURCH PRINCE OF PEACE", "city": "FAR ROCKAWAY", "state": "NY", "zip": "11691-4201", "ntee": "", "ruling": "196408", "deductibility": "1", "assets": 0, "income": 0, "revenue": 0}, {"ein": "112963180", "name": "BROOKLYN PARENTS FOR PEACE INC", "city": "BROOKLYN", "state": "NY", "zip": "11217-3399", "ntee": "", "ruling": "198907", "deductibility": "1", "assets": 62136, "income": 119916, "revenue": 99117}, {"ein": "113010662", "name": "PRINCE OF PEACE FELLOWSHIP", "city": "SEAFORD", "state": "NY", "zip": "11783-2607", "ntee": "", "ruling": "199009", "deductibility": "1", "assets": 0, "income": 0, "revenue": 0}, {"ein": "113073901", "name": "PEACE PRESBYTERIAN CHURCH OF NEW YORK INC", "city": "BAYSIDE", "state": "NY", "zip": "11361-3052", "ntee": "", "ruling": "199201", "deductibility": "1", "assets": 0, "income": 0, "revenue": 0}, {"ein": "113128295", "name": "IMMANUEL PRINCE OF PEACE SPIRITUAL BAPTIST CHURCH", "city": "BROOKLYN", "state": "NY", "zip": "11212-4005", "ntee": "", "ruling": "199409", "deductibility": "1", "assets": 0, "income": 0, "revenue": 0}, {"ein": "113218998", "name": "CATHOLIC PEACE TIMES WEELKY INC", "city": "FLUSHING", "state": "NY", "zip": "11354-3145", "ntee": "A33Z", "ruling": "199505", "deductibility": "1", "assets": 273648, "income": 364450, "revenue": 364450}, {"ein": "113299724", "name": "THE PEACE PRESBYTERIAN CHURCH OF NEW YORK INC", "city": "MERRICK", "state": "NY", "zip": "11566-4034", "ntee": "X21", "ruling": "200710", "deductibility": "1", "assets": 0, "income": 0, "revenue": 0}, {"ein": "113478125", "name": "PRINCE OF PEACE PENTECOSTAL C&S CHURCH USA INC", "city": "BROOKLYN", "state": "NY", "zip": "11236-1722", "ntee": "X20", "ruling": "200201", "deductibility": "1", "assets": 2119, "income": 53060, "revenue": 53060}, {"ein": "113482633", "name": "BRIDGE FOR PEACE INC", "city": "WADING RIVER", "state": "NY", "zip": "11792-0789", "ntee": "X20", "ruling": "199910", "deductibility": "1", "assets": 249947, "income": 283493, "revenue": 283493}, {"ein": "113490094", "name": "RIDGEWOOD PEACE CHURCH OF THE NAZARENE INC", "city": "RIDGEWOOD", "state": "NY", "zip": "11385-2542", "ntee": "X20", "ruling": "199911", "deductibility": "1", "assets": 0, "income": 0, "revenue": 0}, {"ein": "113519958", "name": "UNIVERSAL TEMPLE LOVE PEACE & JOY CHURCH OF GOD", "city": "BROOKLYN", "state": "NY", "zip": "11236-5506", "ntee": "X21", "ruling": "200005", "deductibility": "1", "assets": 0, "income": 0, "revenue": 0}, {"ein": "131871554", "name": "JANE ADDAMS PEACE ASSOCIATION INC", "city": "NEW YORK", "state": "NY", "zip": "10001-4527", "ntee": "Q400", "ruling": "199510", "deductibility": "1", "assets": 3134813, "income": 711463, "revenue": 336205}, {"ein": "132671065", "name": "WORLD CONFERENCE OF RELIGIONS FOR PEACE INC", "city": "NEW YORK", "state": "NY", "zip": "10017-3521", "ntee": "Q410", "ruling": "198811", "deductibility": "1", "assets": 8230006, "income": 4254203, "revenue": 3381723}, {"ein": "132908920", "name": "PRINCE OF PEACE UNIVERSAL TABERNACLE INC", "city": "NEW YORK", "state": "NY", "zip": "10033-5135", "ntee": "", "ruling": "197803", "deductibility": "1", "assets": 0, "income": 0, "revenue": 0}, {"ein": "132918238", "name": "CENTER FOR WAR-PEACE STUDIES INC", "city": "WOODSTOCK", "state": "NY", "zip": "12498-2016", "ntee": "Q400", "ruling": "197801", "deductibility": "1", "assets": 0, "income": 0, "revenue": 0}, {"ein": "133244177", "name": "RETURNED PEACE CORPS VOLUNTEERS OF GREATER NEW YORK INC", "city": "NEW YORK", "state": "NY", "zip": "10027-4724", "ntee": "", "ruling": "198603", "deductibility": "1", "assets": 0, "income": 0, "revenue": 0}, {"ein": "133258435", "name": "UNITY TEMPLE OF PEACE", "city": "BRONX", "state": "NY", "zip": "10469-1003", "ntee": "", "ruling": "197002", "deductibility": "1", "assets": 0, "income": 0, "revenue": 0}, {"ein": "133281035", "name": "SECOND PRINCE OF PEACE BAPTIST CHURCH INC", "city": "BRONX", "state": "NY", "zip": "10458-7902", "ntee": "", "ruling": "198603", "deductibility": "1", "assets": 0, "income": 0, "revenue": 0}, {"ein": "133358777", "name": "SISTERS OF ST FRANCIS OF PEACE", "city": "HAVERSTRAW", "state": "NY", "zip": "10927-1115", "ntee": "", "ruling": "194603", "deductibility": "1", "assets": 0, "income": 0, "revenue": 0}, {"ein": "133419595", "name": "PURSUIT OF PEACE INC", "city": "NEW YORK", "state": "NY", "zip": "10185-0000", "ntee": "Q400", "ruling": "198908", "deductibility": "1", "assets": 0, "income": 0, "revenue": 0}, {"ein": "133429488", "name": "ECONOMISTS FOR PEACE AND SECURITY INC", "city": "ANNANDALE ON HUDSON", "state": "NY", "zip": "12504-0000", "ntee": "Q410", "ruling": "198808", "deductibility": "1", "assets": 71844, "income": 9828, "revenue": 9828}, {"ein": "133484964", "name": "OUR LADY QUEEN OF PEACE PRAYER GROUP INC", "city": "LYNBROOK", "state": "NY", "zip": "11563-3328", "ntee": "", "ruling": "199004", "deductibility": "1", "assets": 0, "income": 0, "revenue": 0}, {"ein": "133508714", "name": "MAY PEACE PREVAIL ON EARTH INTERNATIONAL INC", "city": "WASSAIC", "state": "NY", "zip": "12592-2421", "ntee": "Q410", "ruling": "199312", "deductibility": "1", "assets": 1343358, "income": 828079, "revenue": 760953}, {"ein": "133629516", "name": "PATH TO PEACE FOUNDATION", "city": "NEW YORK", "state": "NY", "zip": "10016-0903", "ntee": "", "ruling": "199201", "deductibility": "1", "assets": 7274863, "income": 3073191, "revenue": 571973}, {"ein": "133712630", "name": "WOMENS FEDERATION FOR WORLD PEACE INC", "city": "NEW YORK", "state": "NY", "zip": "10001-1862", "ntee": "Q410", "ruling": "199504", "deductibility": "1", "assets": 429782, "income": 384495, "revenue": 383570}, {"ein": "133786325", "name": "INTER-RELIGIOUS FEDERATION FOR WORLD PEACE INC", "city": "TARRYTOWN", "state": "NY", "zip": "10591-5892", "ntee": "Q400", "ruling": "199606", "deductibility": "1", "assets": 0, "income": 0, "revenue": 0}, {"ein": "133796126", "name": "WOMENS FEDERATION FOR WORLD PEACE INTERNATIONAL INC", "city": "NEW YORK", "state": "NY", "zip": "10036-7416", "ntee": "Q400", "ruling": "199509", "deductibility": "1", "assets": 146451, "income": 230561, "revenue": 230561}, {"ein": "133847273", "name": "GRACE AND PEACE CHURCH", "city": "BRONX", "state": "NY", "zip": "10473-2435", "ntee": "X21", "ruling": "200009", "deductibility": "1", "assets": 0, "income": 0, "revenue": 0}, {"ein": "133926012", "name": "NO PEACE WITHOUT JUSTICE INTERNATIONAL COMMITTEE", "city": "SYOSSET", "state": "NY", "zip": "11791-4445", "ntee": "Q017", "ruling": "199706", "deductibility": "1", "assets": 11344, "income": 160424, "revenue": 160424}, {"ein": "134043856", "name": "WORLD PEACE FOUNDATION", "city": "BRONX", "state": "NY", "zip": "10468-1042", "ntee": "X99", "ruling": "201410", "deductibility": "1", "assets": 0, "income": 0, "revenue": 0}, {"ein": "134086551", "name": "PURNA-JOYTI LIGHT OF PEACE BUDDHIST ASSOCIATION INC", "city": "WOODSIDE", "state": "NY", "zip": "11377-5903", "ntee": "X50", "ruling": "200208", "deductibility": "1", "assets": 0, "income": 0, "revenue": 0}, {"ein": "134092458", "name": "DESMOND TUTU PEACE FOUNDATION", "city": "BROOKLYN", "state": "NY", "zip": "11207-8871", "ntee": "T30", "ruling": "200003", "deductibility": "1", "assets": 0, "income": 0, "revenue": 0}, {"ein": "134096810", "name": "MILLENNIUM WORLD PEACE SUMMIT INC", "city": "NEW YORK", "state": "NY", "zip": "10105-0008", "ntee": "Q42", "ruling": "200007", "deductibility": "1", "assets": 340003, "income": 156798, "revenue": 156798}, {"ein": "134160243", "name": "RELIGIONS FOR PEACE USA INC", "city": "NEW YORK", "state": "NY", "zip": "10017-3521", "ntee": "X99", "ruling": "200108", "deductibility": "1", "assets": 87029, "income": 34513, "revenue": 34513}, {"ein": "134189760", "name": "PEACE UNLIMITED CORP", "city": "CHESTNUT RDG", "state": "NY", "zip": "10977-6700", "ntee": "B21", "ruling": "201407", "deductibility": "1", "assets": 169496, "income": 357990, "revenue": 357990}, {"ein": "134352376", "name": "IGLESIA CRISTIANA AMOR Y PAZ CHRISTIAN CHURCH LOVE & PEACE", "city": "PEEKSKILL", "state": "NY", "zip": "10566-2154", "ntee": "X21", "ruling": "200902", "deductibility": "1", "assets": 0, "income": 0, "revenue": 0}, {"ein": "141569152", "name": "HJ INTERNATIONAL GRADUATE SCHOOL FOR PEACE AND PUBLIC LEADERSHIP", "city": "NEW YORK", "state": "NY", "zip": "10036-7416", "ntee": "", "ruling": "199306", "deductibility": "1", "assets": 0, "income": 0, "revenue": 0}, {"ein": "141765629", "name": "ONENESS IN PEACE CENTER INC", "city": "GERMANTOWN", "state": "NY", "zip": "12526-5635", "ntee": "", "ruling": "194603", "deductibility": "1", "assets": 0, "income": 0, "revenue": 0}, {"ein": "141801528", "name": "PEACE ACTION OF NEW YORK STATE INC", "city": "NEW YORK", "state": "NY", "zip": "10008-3357", "ntee": "", "ruling": "198604", "deductibility": "2", "assets": 4237, "income": 11643, "revenue": 11643}, {"ein": "160743303", "name": "OUR LADY OF PEACE ROMAN CATHOLIC CHURCH OF GENEVA NY", "city": "GENEVA", "state": "NY", "zip": "14456-1804", "ntee": "", "ruling": "194603", "deductibility": "1", "assets": 0, "income": 0, "revenue": 0}, {"ein": "160754666", "name": "PEACE OF CHRIST ROMAN CATHOLIC PARISH OF ROCHESTER NY", "city": "ROCHESTER", "state": "NY", "zip": "14609-4335", "ntee": "", "ruling": "194603", "deductibility": "0", "assets": 0, "income": 0, "revenue": 0}, {"ein": "160907321", "name": "OUR LADY QUEEN OF PEACE", "city": "ROCHESTER", "state": "NY", "zip": "14618-4329", "ntee": "", "ruling": "194603", "deductibility": "1", "assets": 0, "income": 0, "revenue": 0}, {"ein": "161093715", "name": "FAMILY ROSARY FOR PEACE INC", "city": "ROCHESTER", "state": "NY", "zip": "14606-4445", "ntee": "", "ruling": "194603", "deductibility": "1", "assets": 0, "income": 0, "revenue": 0}, {"ein": "161101618", "name": "PEACE WESLEYAN CHURCH", "city": "FALCONER", "state": "NY", "zip": "14733-1537", "ntee": "", "ruling": "197005", "deductibility": "1", "assets": 0, "income": 0, "revenue": 0}, {"ein": "161159702", "name": "PEACE IN JESUS CHURCH", "city": "ALBION", "state": "NY", "zip": "14411-1231", "ntee": "", "ruling": "197410", "deductibility": "1", "assets": 0, "income": 0, "revenue": 0}, {"ein": "161180536", "name": "PRINCE OF PEACE LUTHERAN CHURCH", "city": "FAIRPORT", "state": "NY", "zip": "14450-3120", "ntee": "", "ruling": "196601", "deductibility": "1", "assets": 0, "income": 0, "revenue": 0}, {"ein": "161348948", "name": "PRINCE OF PEACE LUTHERAN CHURCH", "city": "FULTON", "state": "NY", "zip": "13069-4825", "ntee": "", "ruling": "198704", "deductibility": "1", "assets": 0, "income": 0, "revenue": 0}, {"ein": "161380351", "name": "GREECE PEACE OFFICERS ASSOCIATION INC", "city": "ROCHESTER", "state": "NY", "zip": "14616-0395", "ntee": "", "ruling": "199111", "deductibility": "1", "assets": 0, "income": 0, "revenue": 0}, {"ein": "161382395", "name": "WESTERN NEW YORK PEACE CENTER INC", "city": "BUFFALO", "state": "NY", "zip": "14209-2401", "ntee": "Q014", "ruling": "199111", "deductibility": "1", "assets": 47554, "income": 78157, "revenue": 66579}, {"ein": "161514209", "name": "PRINCE OF PEACE MISSIONARY BAPTIST CHURCH", "city": "SYRACUSE", "state": "NY", "zip": "13202-2101", "ntee": "X21Z", "ruling": "199804", "deductibility": "1", "assets": 0, "income": 0, "revenue": 0}, {"ein": "161529287", "name": "HARRIET TUBMAN CENTER FOR JUSTICE AND PEACE INC", "city": "AUBURN", "state": "NY", "zip": "13021-3928", "ntee": "R30", "ruling": "200008", "deductibility": "1", "assets": 0, "income": 0, "revenue": 0}, {"ein": "161531479", "name": "PINES OF PEACE INC", "city": "ONTARIO", "state": "NY", "zip": "14519-9558", "ntee": "P80", "ruling": "199709", "deductibility": "1", "assets": 989909, "income": 453831, "revenue": 306024}, {"ein": "161597585", "name": "EDUCATION FOR PEACE INC", "city": "ROCHESTER", "state": "NY", "zip": "14606-3549", "ntee": "B99", "ruling": "200102", "deductibility": "1", "assets": 0, "income": 0, "revenue": 0}, {"ein": "166072780", "name": "HAVEN OF PEACE INC", "city": "OWEGO", "state": "NY", "zip": "13827-6917", "ntee": "X20", "ruling": "202411", "deductibility": "1", "assets": 1125600, "income": 747859, "revenue": 747859}, {"ein": "200469433", "name": "PRINCE OF PEACE CHRISTIAN CHURCH", "city": "BUFFALO", "state": "NY", "zip": "14213-1801", "ntee": "X21", "ruling": "200404", "deductibility": "1", "assets": 0, "income": 0, "revenue": 0}, {"ein": "200499760", "name": "GLOBAL PEACE INITIATIVE OF WOMEN RELIGIOUS & SPIRITUAL LEADERS INC", "city": "NEW YORK", "state": "NY", "zip": "10017-1713", "ntee": "Q40", "ruling": "200501", "deductibility": "1", "assets": 67186, "income": 189670, "revenue": 189670}, {"ein": "201352585", "name": "PEACE VALLEY HAVEN INC", "city": "UNIONDALE", "state": "NY", "zip": "11553-1303", "ntee": "L41", "ruling": "200511", "deductibility": "1", "assets": 95858, "income": 348083, "revenue": 348083}, {"ein": "201602122", "name": "BUSINESS COUNCIL FOR PEACE INC", "city": "SOUTHAMPTON", "state": "NY", "zip": "11968-5317", "ntee": "Q33", "ruling": "200601", "deductibility": "1", "assets": 917394, "income": 1609149, "revenue": 1572964}, {"ein": "202300890", "name": "SRI CHINMOY ONENESS HOME PEACE RUN INC", "city": "JAMAICA", "state": "NY", "zip": "11432-3307", "ntee": "N01", "ruling": "200512", "deductibility": "1", "assets": 371422, "income": 2812556, "revenue": 153781}, {"ein": "203398247", "name": "PEACE OUTSIDE CAMPUS THE LINDSEY M BONISTALL FOUNDATION", "city": "WHITE PLAINS", "state": "NY", "zip": "10604-1852", "ntee": "B01", "ruling": "200607", "deductibility": "1", "assets": 22162, "income": 7570, "revenue": 7570}, {"ein": "204146820", "name": "PEACE BOAT US", "city": "NEW YORK", "state": "NY", "zip": "10017-3521", "ntee": "R20", "ruling": "200312", "deductibility": "1", "assets": 119739, "income": 276407, "revenue": 276407}, {"ein": "205115518", "name": "GATEWAY HOUSE OF PEACE INC", "city": "BALLSTON SPA", "state": "NY", "zip": "12020-3029", "ntee": "P74", "ruling": "200702", "deductibility": "1", "assets": 192292, "income": 509695, "revenue": 468817}, {"ein": "205602276", "name": "WORLD PEACE AND HEALTH ORGANIZATIONINC", "city": "FULTONVILLE", "state": "NY", "zip": "12072-0585", "ntee": "Q40", "ruling": "200805", "deductibility": "2", "assets": 0, "income": 0, "revenue": 0}, {"ein": "207432171", "name": "MANES PEACE PRIZE FOUNDATION", "city": "PLAINVIEW", "state": "NY", "zip": "11803-2340", "ntee": "T20", "ruling": "200903", "deductibility": "1", "assets": 6155375, "income": 2340557, "revenue": 0}, {"ein": "208261600", "name": "TAIA PEACE FOUNDATION", "city": "NEW YORK", "state": "NY", "zip": "10003-1526", "ntee": "S30", "ruling": "201001", "deductibility": "1", "assets": 89, "income": 0, "revenue": 0}, {"ein": "222516938", "name": "PRINCE OF PEACE TEMPLE CHURCH OF GOD IN CHRIST INC", "city": "BUFFALO", "state": "NY", "zip": "14215-2644", "ntee": "", "ruling": "196901", "deductibility": "1", "assets": 0, "income": 0, "revenue": 0}, {"ein": "222594578", "name": "ATHLETES UNITED FOR PEACE INC", "city": "NYC", "state": "NY", "zip": "10025-9103", "ntee": "O50", "ruling": "201811", "deductibility": "1", "assets": 0, "income": 0, "revenue": 0}, {"ein": "223872609", "name": "OUR LADY OF PEACE ROMAN CATHOLIC PARISH", "city": "SALAMANCA", "state": "NY", "zip": "14779-1414", "ntee": "", "ruling": "194603", "deductibility": "1", "assets": 0, "income": 0, "revenue": 0}, {"ein": "223893273", "name": "GLOBAL FAMILY FOR LOVE AND PEACE INCORPORATED", "city": "FLUSHING", "state": "NY", "zip": "11354-4400", "ntee": "B90", "ruling": "200306", "deductibility": "1", "assets": 199818, "income": 144550, "revenue": 144550}, {"ein": "260010387", "name": "GRACE & PEACE PRESBYTERIAN CHURCH", "city": "FLUSHING", "state": "NY", "zip": "11354-0000", "ntee": "X21", "ruling": "200206", "deductibility": "1", "assets": 0, "income": 0, "revenue": 0}, {"ein": "260083557", "name": "INTERNATIONAL FEDERATION FOR PEACE AND SUSTAINABLE DEVELOPMENT INC", "city": "NYC", "state": "NY", "zip": "10017-3521", "ntee": "Q40", "ruling": "201412", "deductibility": "1", "assets": 0, "income": 0, "revenue": 0}, {"ein": "260385592", "name": "THE PEACE STUDIO INC", "city": "NEW YORK", "state": "NY", "zip": "10003-1526", "ntee": "A30", "ruling": "200804", "deductibility": "1", "assets": 146483, "income": 716726, "revenue": 716726}, {"ein": "263756499", "name": "PEACE ACTION OF STATEN ISLAND INC", "city": "STATEN ISLAND", "state": "NY", "zip": "10301-0201", "ntee": "R99", "ruling": "200907", "deductibility": "1", "assets": 0, "income": 0, "revenue": 0}, {"ein": "263873642", "name": "ARTISTS FOR PEACE AND JUSTICE", "city": "NEW YORK", "state": "NY", "zip": "10022-9847", "ntee": "T12", "ruling": "201003", "deductibility": "1", "assets": 641329, "income": 17315, "revenue": 17315}, {"ein": "263873991", "name": "PEACE IS LOUD INC", "city": "NEW YORK", "state": "NY", "zip": "10010-6235", "ntee": "R60", "ruling": "200906", "deductibility": "1", "assets": 1255158, "income": 1092513, "revenue": 1067982}, {"ein": "263908075", "name": "UN WOMEN FOR PEACE INC", "city": "NEW YORK", "state": "NY", "zip": "10151-1800", "ntee": "S81", "ruling": "200911", "deductibility": "1", "assets": 29953, "income": 1352, "revenue": 1352}, {"ein": "264757350", "name": "BRIDGES OF PEACE AND HOPE", "city": "HILLSDALE", "state": "NY", "zip": "12529-0742", "ntee": "B99", "ruling": "201007", "deductibility": "1", "assets": 2024, "income": 9770, "revenue": 9770}, {"ein": "270190093", "name": "THE WORLD WIDE PEACE BELL FOUNDATION", "city": "HOPEWELL JCT", "state": "NY", "zip": "12533-5129", "ntee": "", "ruling": "201501", "deductibility": "1", "assets": 0, "income": 0, "revenue": 0}, {"ein": "270419042", "name": "WOMENS INTL LEAGUE FOR PEACE AND FREEDOM", "city": "NEW YORK", "state": "NY", "zip": "10017-3521", "ntee": "B90", "ruling": "201012", "deductibility": "1", "assets": 1493432, "income": 2014801, "revenue": 2014801}, {"ein": "272691825", "name": "OUR LADY QUEEN OF PEACE", "city": "SCHENECTADY", "state": "NY", "zip": "12306-1520", "ntee": "", "ruling": "194603", "deductibility": "1", "assets": 0, "income": 0, "revenue": 0}, {"ein": "272851336", "name": "AFRICAN CENTER FOR JUSTICE AND PEACE STUDIES", "city": "NEW YORK", "state": "NY", "zip": "10021-8824", "ntee": "Q30", "ruling": "201301", "deductibility": "1", "assets": 301890, "income": 862575, "revenue": 862575}, {"ein": "273304699", "name": "OUR MOTHER QUEEN OF PEACE MARIAN COALITION BETANIA XIII INC", "city": "GLENWOOD", "state": "NY", "zip": "11547-0000", "ntee": "X20", "ruling": "201105", "deductibility": "1", "assets": 0, "income": 0, "revenue": 0}, {"ein": "273813413", "name": "HEARTLIGHT CENTER FOR INNER PEACE", "city": "FAYETTEVILLE", "state": "NY", "zip": "13066-1709", "ntee": "P50", "ruling": "201210", "deductibility": "1", "assets": 0, "income": 0, "revenue": 0}, {"ein": "274984875", "name": "PROGRAM OF PEACE INCORPORATED", "city": "ELMIRA", "state": "NY", "zip": "14904-0420", "ntee": "P20", "ruling": "201412", "deductibility": "1", "assets": 20426, "income": 3300, "revenue": 3300}, {"ein": "332780116", "name": "PEACE LOVE & CARTWHEELS FOUNDATION INC", "city": "BETHPAGE", "state": "NY", "zip": "11714-6223", "ntee": "A12", "ruling": "202502", "deductibility": "1", "assets": 0, "income": 0, "revenue": 0}, {"ein": "333216018", "name": "KOREAN AMERICAN PEACE FUND LTD", "city": "FLUSHING", "state": "NY", "zip": "11355-3356", "ntee": "Q40", "ruling": "202502", "deductibility": "1", "assets": 0, "income": 0, "revenue": 0}, {"ein": "352581031", "name": "NEIGHBORHOOD LOVE & PEACE ORGANIZATION INC", "city": "WOODSIDE", "state": "NY", "zip": "11377-2029", "ntee": "X20", "ruling": "201812", "deductibility": "1", "assets": 1637212, "income": 150007, "revenue": 150007}, {"ein": "364778519", "name": "AMERICAN FRIENDS OF COMBATANTS FOR PEACE INC", "city": "NEW YORK", "state": "NY", "zip": "10005-2907", "ntee": "B90", "ruling": "201409", "deductibility": "1", "assets": 400710, "income": 969193, "revenue": 969193}, {"ein": "371854791", "name": "LABYRINTHINE WAYS PEACE PARK INC", "city": "DUNKIRK", "state": "NY", "zip": "14048-3045", "ntee": "B01", "ruling": "201707", "deductibility": "1", "assets": 11515, "income": 7499, "revenue": 7499}, {"ein": "383910277", "name": "MOTHER DIVINE PROGRAM-MAHARISHI GLOBAL COUNTRY OF WORLD PEACE INC", "city": "LIVINGSTN MNR", "state": "NY", "zip": "12758-6549", "ntee": "P20", "ruling": "201412", "deductibility": "1", "assets": 555490, "income": 342268, "revenue": 342268}, {"ein": "384088965", "name": "NATIONAL LATINO PEACE OFFICERS ASSN NLPOA BRONX COUNTY CHAPTER NY", "city": "POMONA", "state": "NY", "zip": "10970-3715", "ntee": "S20", "ruling": "202006", "deductibility": "1", "assets": 0, "income": 0, "revenue": 0}, {"ein": "392008597", "name": "JAMES BRADLEY PEACE FOUNDATION INC", "city": "NEW YORK", "state": "NY", "zip": "10018-0000", "ntee": "B82", "ruling": "200102", "deductibility": "1", "assets": 4821, "income": 470, "revenue": 0}, {"ein": "421649589", "name": "PRESBYTERIAN PEACE FELLOWSHIP", "city": "STONY POINT", "state": "NY", "zip": "10980-3202", "ntee": "Q40", "ruling": "200611", "deductibility": "1", "assets": 1331208, "income": 313200, "revenue": 301663}, {"ein": "451964622", "name": "NEW YORK PEACE INSTITUTE INC", "city": "NEW YORK", "state": "NY", "zip": "10038-3007", "ntee": "P50", "ruling": "201108", "deductibility": "1", "assets": 2936081, "income": 2545145, "revenue": 2545145}, {"ein": "452486727", "name": "ROOTS OF PEACE COMMUNITY GARDEN", "city": "STATEN ISLAND", "state": "NY", "zip": "10304-5200", "ntee": "K20", "ruling": "201909", "deductibility": "1", "assets": 0, "income": 0, "revenue": 0}, {"ein": "453114269", "name": "INSTITUTE FOR ECONOMICS AND PEACE", "city": "NEW YORK", "state": "NY", "zip": "10004-2257", "ntee": "V22", "ruling": "201302", "deductibility": "1", "assets": 136403, "income": 395562, "revenue": 395562}, {"ein": "454092560", "name": "PEACE AFTERSCHOOL PROGRAM INC", "city": "HEMPSTEAD", "state": "NY", "zip": "11550-2317", "ntee": "B90", "ruling": "201304", "deductibility": "1", "assets": 0, "income": 298202, "revenue": 298202}, {"ein": "454701891", "name": "PARROTS FOR PEACE INC", "city": "RUBY", "state": "NY", "zip": "12475-0241", "ntee": "D11", "ruling": "201903", "deductibility": "1", "assets": 0, "income": 0, "revenue": 0}, {"ein": "455478281", "name": "FRIENDS OF THE BATAVIA PEACE GARDEN INC", "city": "BATAVIA", "state": "NY", "zip": "14020-1264", "ntee": "C41", "ruling": "201308", "deductibility": "1", "assets": 0, "income": 0, "revenue": 0}, {"ein": "460744287", "name": "WAYS OF PEACE COMMUNITY RESOURCES INC", "city": "BROOKLYN", "state": "NY", "zip": "11218-4736", "ntee": "N99", "ruling": "201406", "deductibility": "1", "assets": 0, "income": 0, "revenue": 0}, {"ein": "460892838", "name": "ALIX RICE PEACE PARK FOUNDATION INC", "city": "GETZVILLE", "state": "NY", "zip": "14068-1165", "ntee": "N32", "ruling": "201301", "deductibility": "1", "assets": 0, "income": 0, "revenue": 0}, {"ein": "461363459", "name": "UNIVERSAL LOVE PEACE AND JOY CHURCH OF GOD SOUTH CAROLINA INC", "city": "BROOKLYN", "state": "NY", "zip": "11236-4625", "ntee": "X20", "ruling": "201410", "deductibility": "1", "assets": 0, "income": 0, "revenue": 0}, {"ein": "461887844", "name": "CAMP PUZZLE PEACE", "city": "WALWORTH", "state": "NY", "zip": "14568-9548", "ntee": "P82", "ruling": "201406", "deductibility": "1", "assets": 136423, "income": 213170, "revenue": 213170}, {"ein": "462425354", "name": "WORLD PEACE ORCHESTRA INC", "city": "NEW YORK", "state": "NY", "zip": "10001-3905", "ntee": "A69", "ruling": "201312", "deductibility": "1", "assets": 0, "income": 0, "revenue": 0}, {"ein": "462482496", "name": "PEACE PROJECT INC", "city": "NEW YORK", "state": "NY", "zip": "10021-4358", "ntee": "B82", "ruling": "201312", "deductibility": "1", "assets": 0, "income": 0, "revenue": 0}, {"ein": "462840677", "name": "UNIVERSAL LOVE PEACE AND JOY CHURCH OF GOD CATHEDRAL INC", "city": "BROOKLYN", "state": "NY", "zip": "11236-5506", "ntee": "X20", "ruling": "202112", "deductibility": "1", "assets": 0, "income": 0, "revenue": 0}, {"ein": "463367644", "name": "PEACE CLUB", "city": "TIVOLI", "state": "NY", "zip": "12583-5452", "ntee": "O50", "ruling": "201408", "deductibility": "1", "assets": 0, "income": 0, "revenue": 0}, {"ein": "463853500", "name": "PEACE AND RESILIENCE THROUGH YOUTH DEVELOPMENT AND ENGAGEMENT", "city": "NEW YORK", "state": "NY", "zip": "10019-4465", "ntee": "O20", "ruling": "201410", "deductibility": "1", "assets": 0, "income": 0, "revenue": 0}, {"ein": "464326627", "name": "INTEGRATED PEACE ARTS", "city": "SCARSDALE", "state": "NY", "zip": "10583-1017", "ntee": "B11", "ruling": "201409", "deductibility": "1", "assets": 19059, "income": 53874, "revenue": 53874}, {"ein": "472374972", "name": "BEACON OF PEACE INC", "city": "S RICHMOND HL", "state": "NY", "zip": "11419-1012", "ntee": "P99", "ruling": "201412", "deductibility": "1", "assets": 0, "income": 0, "revenue": 0}, {"ein": "472830073", "name": "GBOWEE PEACE FOUNDATION AFRICA-USA", "city": "NEW YORK", "state": "NY", "zip": "10010-6235", "ntee": "B82", "ruling": "201507", "deductibility": "1", "assets": 136873, "income": 442422, "revenue": 442422}, {"ein": "474479404", "name": "PEACE N LOVE CHARITABLE FOUNDATION", "city": "MONSEY", "state": "NY", "zip": "10952-2410", "ntee": "T20", "ruling": "201509", "deductibility": "1", "assets": 1, "income": 1, "revenue": 0}, {"ein": "474533983", "name": "COUNCIL OF PENTECOSTAL CHURCHES HAVEN OF PEACE INTERNATIONAL", "city": "BRONX", "state": "NY", "zip": "10473-1622", "ntee": "X21", "ruling": "201509", "deductibility": "1", "assets": 0, "income": 0, "revenue": 0}, {"ein": "474760387", "name": "PEACE SANCTUARY", "city": "ALLEGANY", "state": "NY", "zip": "14706-1318", "ntee": "X99", "ruling": "202003", "deductibility": "1", "assets": 0, "income": 0, "revenue": 0}, {"ein": "510605284", "name": "GRACE AND PEACE MISSION TO ORISSA", "city": "VESTAL", "state": "NY", "zip": "13850-1559", "ntee": "Q33", "ruling": "200704", "deductibility": "1", "assets": 21276, "income": 96119, "revenue": 96119}, {"ein": "521193310", "name": "PEACE CORPS INSTITUTE", "city": "NEW YORK", "state": "NY", "zip": "10004-1901", "ntee": "", "ruling": "198209", "deductibility": "1", "assets": 0, "income": 0, "revenue": 0}, {"ein": "522051440", "name": "FAMILY FEDERATION FOR WORLD PEACE AND UNIFICATION INTERNATIONAL", "city": "TARRYTOWN", "state": "NY", "zip": "10591-5892", "ntee": "B99I", "ruling": "199711", "deductibility": "1", "assets": 0, "income": 0, "revenue": 0}, {"ein": "522199888", "name": "UNIVERSAL PEACE FEDERATION", "city": "TARRYTOWN", "state": "NY", "zip": "10591-6217", "ntee": "Q400", "ruling": "200003", "deductibility": "1", "assets": 9669972, "income": 1741399, "revenue": 1741399}, {"ein": "522207910", "name": "WORLD PEACE CENTER MOUNT ZION", "city": "BROOKLYN", "state": "NY", "zip": "11203-1006", "ntee": "X30", "ruling": "200208", "deductibility": "1", "assets": 0, "income": 0, "revenue": 0}, {"ein": "541646821", "name": "INTERNATIONAL PEACE GARDEN FOUNDATION INC", "city": "BATAVIA", "state": "NY", "zip": "14020-2745", "ntee": "Q21Z", "ruling": "199306", "deductibility": "1", "assets": 0, "income": 0, "revenue": 0}, {"ein": "562511276", "name": "CENTER FOR MEDIA & PEACE INITIATIVE INC", "city": "NEW YORK", "state": "NY", "zip": "10163-0384", "ntee": "Q99", "ruling": "200712", "deductibility": "1", "assets": 22475, "income": 17521, "revenue": 11001}, {"ein": "562519540", "name": "INTERNATIONAL GOSPEL OF PEACE DELIVERANCE CENTER", "city": "BROOKLYN", "state": "NY", "zip": "11203-5440", "ntee": "X21", "ruling": "200510", "deductibility": "1", "assets": 0, "income": 0, "revenue": 0}, {"ein": "562623904", "name": "THE SYRACUSE CENTER FOR PEACE AND SOCIAL JUSTICE INC", "city": "SYRACUSE", "state": "NY", "zip": "13210-2387", "ntee": "R199", "ruling": "200710", "deductibility": "1", "assets": 196957, "income": 67261, "revenue": 67261}, {"ein": "611512004", "name": "OUR LADY QUEEN OF PEACE HOUSE OF PRAYER", "city": "BREWSTER", "state": "NY", "zip": "10509-3601", "ntee": "X20", "ruling": "200701", "deductibility": "1", "assets": 8547488, "income": 539908, "revenue": 532190}, {"ein": "611681692", "name": "BUFFALO PEACE HOUSE", "city": "HAMBURG", "state": "NY", "zip": "14075-5005", "ntee": "L40", "ruling": "201401", "deductibility": "1", "assets": 502572, "income": 391132, "revenue": 391132}, {"ein": "611787990", "name": "BROTHERS FOR PEACE AND SOCIAL CHANGE INC", "city": "FAR ROCKAWAY", "state": "NY", "zip": "11692-1520", "ntee": "", "ruling": "202505", "deductibility": "1", "assets": 0, "income": 0, "revenue": 0}, {"ein": "621216116", "name": "THE PEACE OF HEART CHOIR INC", "city": "BROOKLYN", "state": "NY", "zip": "11217-3950", "ntee": "A60", "ruling": "200801", "deductibility": "1", "assets": 0, "income": 0, "revenue": 0}, {"ein": "651168406", "name": "PEACE AND GOODWILL BAPTIST CHURCH", "city": "BROOKLYN", "state": "NY", "zip": "11233-3305", "ntee": "X21", "ruling": "200304", "deductibility": "1", "assets": 0, "income": 0, "revenue": 0}, {"ein": "680617733", "name": "PUPPETS FOR PEACE FOUNDATION", "city": "SYRACUSE", "state": "NY", "zip": "13209-0854", "ntee": "P82", "ruling": "200610", "deductibility": "1", "assets": 0, "income": 0, "revenue": 0}, {"ein": "753008707", "name": "PEACE OF THE CITY MINISTRIES", "city": "BUFFALO", "state": "NY", "zip": "14213-0750", "ntee": "O50", "ruling": "200205", "deductibility": "1", "assets": 744694, "income": 661683, "revenue": 661683}, {"ein": "800384300", "name": "UNITED CHAPLAINS OF PEACE INC", "city": "BROOKLYN", "state": "NY", "zip": "11220-4911", "ntee": "X99", "ruling": "201003", "deductibility": "1", "assets": 806, "income": 0, "revenue": 0}, {"ein": "810628493", "name": "MOVEMENT FOR PEACE IN COLOMBIA", "city": "PORT CHESTER", "state": "NY", "zip": "10573-3523", "ntee": "Q40", "ruling": "200408", "deductibility": "1", "assets": 0, "income": 0, "revenue": 0}, {"ein": "811360190", "name": "CHRIST PEACE MINISTRIES", "city": "JAMAICA", "state": "NY", "zip": "11423-2529", "ntee": "X90", "ruling": "202111", "deductibility": "1", "assets": 102354, "income": 146803, "revenue": 146803}, {"ein": "812255144", "name": "PEACE COMMUNITY CENTER OF NEW YORK INC", "city": "BROOKLYN", "state": "NY", "zip": "11230-1511", "ntee": "S20", "ruling": "201606", "deductibility": "1", "assets": 0, "income": 0, "revenue": 0}, {"ein": "812663849", "name": "ISLANDS OF PEACE INC", "city": "NEW YORK", "state": "NY", "zip": "10003-5522", "ntee": "Q03", "ruling": "201611", "deductibility": "1", "assets": 0, "income": 0, "revenue": 0}, {"ein": "813516172", "name": "WORLD PEACE & COMMUNICATION ASSOCIATION INC", "city": "NEW YORK", "state": "NY", "zip": "10038-0130", "ntee": "X50", "ruling": "201608", "deductibility": "1", "assets": 0, "income": 0, "revenue": 0}, {"ein": "813648520", "name": "PEACE CHILDREN ACADEMY INC", "city": "BROOKLYN", "state": "NY", "zip": "11230-1417", "ntee": "P30", "ruling": "201608", "deductibility": "1", "assets": 0, "income": 573324, "revenue": 573324}, {"ein": "813758992", "name": "PEACE CHINAR SOCIETY INC", "city": "BROOKLYN", "state": "NY", "zip": "11234-3401", "ntee": "P20", "ruling": "201702", "deductibility": "1", "assets": 33208, "income": 12291, "revenue": 12291}, {"ein": "813800869", "name": "PEACE OUTREACH INC", "city": "JERICHO", "state": "NY", "zip": "11753-1616", "ntee": "W01", "ruling": "201609", "deductibility": "1", "assets": 0, "income": 0, "revenue": 0}, {"ein": "814458611", "name": "WOMEN FOR PEACE IN AFRICA INC", "city": "ROOSEVELT ISL", "state": "NY", "zip": "10044-1149", "ntee": "P20", "ruling": "202212", "deductibility": "1", "assets": 1, "income": 1461, "revenue": 1461}, {"ein": "814889445", "name": "PEACE MUSEUM COLORADO", "city": "NEW YORK", "state": "NY", "zip": "10026-4186", "ntee": "P20", "ruling": "202410", "deductibility": "1", "assets": 42691, "income": 199500, "revenue": 184000}, {"ein": "821574686", "name": "BRIDGE OF LOVE AND PEACE INC", "city": "ORANGEBURG", "state": "NY", "zip": "10962-2123", "ntee": "P81", "ruling": "201904", "deductibility": "1", "assets": 163967, "income": 980674, "revenue": 878124}, {"ein": "822063882", "name": "CREATE 4 PEACE INC", "city": "NEW YORK", "state": "NY", "zip": "10031-8343", "ntee": "A23", "ruling": "202301", "deductibility": "1", "assets": 0, "income": 0, "revenue": 0}, {"ein": "822457887", "name": "ROC THE PEACE INC", "city": "ROCHESTER", "state": "NY", "zip": "14624-0084", "ntee": "I11", "ruling": "201710", "deductibility": "1", "assets": 42165, "income": 135241, "revenue": 0}, {"ein": "822470205", "name": "PEACE ISLANDS INSTITUTE NEW YORK INC", "city": "NEW YORK", "state": "NY", "zip": "10018-3770", "ntee": "X90", "ruling": "201904", "deductibility": "1", "assets": 1201, "income": 102786, "revenue": 0}, {"ein": "823574941", "name": "PRACTICE OF PEACE FOUNDATION INC", "city": "BRONX", "state": "NY", "zip": "10454-1902", "ntee": "L20", "ruling": "201802", "deductibility": "1", "assets": 2616998, "income": 5992204, "revenue": 5992204}, {"ein": "823609822", "name": "HEIWA PEACE AND RECONCILIATION FOUNDATION OF NEW YORK LTD", "city": "BELLEROSE", "state": "NY", "zip": "11426-1644", "ntee": "P99", "ruling": "201811", "deductibility": "1", "assets": 0, "income": 0, "revenue": 0}, {"ein": "823877875", "name": "HEAVENLY CULTURE WORLD PEACE RESTORATION OF LIGHT - HWPL NY", "city": "LONG IS CITY", "state": "NY", "zip": "11101-3906", "ntee": "X90", "ruling": "202401", "deductibility": "1", "assets": 0, "income": 0, "revenue": 0}, {"ein": "824901900", "name": "ARK PEACE FOUNDATION CORP", "city": "BROOKLYN", "state": "NY", "zip": "11230-2408", "ntee": "P20", "ruling": "201805", "deductibility": "1", "assets": 0, "income": 0, "revenue": 0}, {"ein": "825086497", "name": "BUFFALO UNITED FOR PEACE INC", "city": "EAST AMHERST", "state": "NY", "zip": "14051-1992", "ntee": "P20", "ruling": "202001", "deductibility": "1", "assets": 0, "income": 0, "revenue": 0}, {"ein": "825126553", "name": "INTERNATIONAL ASSOCIATION OF YOUTH AND STUDENTS FOR PEACE INC", "city": "NEW YORK", "state": "NY", "zip": "10036-7416", "ntee": "O50", "ruling": "201810", "deductibility": "1", "assets": 95192, "income": 3948, "revenue": 3948}, {"ein": "825246538", "name": "M2 FOUNDATION FOR PEACE AND SOCIAL CHANGE INC", "city": "ROCHESTER", "state": "NY", "zip": "14611-2514", "ntee": "I21", "ruling": "201906", "deductibility": "1", "assets": 0, "income": 0, "revenue": 0}, {"ein": "830489386", "name": "PEACE IN NATURE WILDLIFE SANCTUARY", "city": "FORESTVILLE", "state": "NY", "zip": "14062-9610", "ntee": "D01", "ruling": "202303", "deductibility": "1", "assets": 0, "income": 0, "revenue": 0}, {"ein": "831245771", "name": "OCCUPY PEACE INC", "city": "KINGSTON", "state": "NY", "zip": "12401-3823", "ntee": "R99", "ruling": "201808", "deductibility": "1", "assets": 12756, "income": 30761, "revenue": 0}, {"ein": "832478190", "name": "PLANETARY PEACE INC", "city": "NEW YORK", "state": "NY", "zip": "10019-1412", "ntee": "S05", "ruling": "201812", "deductibility": "1", "assets": 1800, "income": 0, "revenue": 0}, {"ein": "832630080", "name": "CHINESE PEOPLES FEDERATION FOR WORL D PEACE - USA INC", "city": "FLUSHING", "state": "NY", "zip": "11355-2236", "ntee": "X20", "ruling": "201907", "deductibility": "1", "assets": 0, "income": 0, "revenue": 0}, {"ein": "833207892", "name": "CENTER FOR PEACE COMMUNICATIONS INC", "city": "BROOKLYN", "state": "NY", "zip": "11210-3262", "ntee": "Q40", "ruling": "201910", "deductibility": "1", "assets": 1468933, "income": 1508328, "revenue": 1508328}, {"ein": "833593140", "name": "GLOBAL ALLIANCE OF INDIGENOUS PEOPLES GENDER JUSTICE AND PEACE I", "city": "BRONX", "state": "NY", "zip": "10471-2067", "ntee": "A23", "ruling": "202101", "deductibility": "1", "assets": 71561, "income": 3867, "revenue": 3867}, {"ein": "833597054", "name": "PILLARS OF PEACE INC", "city": "NEW YORK", "state": "NY", "zip": "10005-3510", "ntee": "", "ruling": "202002", "deductibility": "1", "assets": 2432685, "income": 431029, "revenue": 424529}, {"ein": "833979551", "name": "GLOBAL VILLAGE PEACE ORGANIZATION INC", "city": "FLUSHING", "state": "NY", "zip": "11355-4058", "ntee": "A70", "ruling": "201904", "deductibility": "1", "assets": 0, "income": 0, "revenue": 0}, {"ein": "834203601", "name": "BRINGING THE PEACE INCORPORATED", "city": "BRONX", "state": "NY", "zip": "10456-0501", "ntee": "W99", "ruling": "201905", "deductibility": "1", "assets": 0, "income": 0, "revenue": 0}, {"ein": "843212629", "name": "UNITED VOICES 4 PEACE INCORPORATED", "city": "NEW YORK", "state": "NY", "zip": "10014-1802", "ntee": "A20", "ruling": "201911", "deductibility": "1", "assets": 2561, "income": 92604, "revenue": 0}, {"ein": "843539572", "name": "PEACE LOVE RESCUE NEW YORK", "city": "MANORVILLE", "state": "NY", "zip": "11949-0000", "ntee": "D20", "ruling": "202002", "deductibility": "1", "assets": 3553, "income": 31630, "revenue": 31630}, {"ein": "843566039", "name": "SANT EGIDIO FOUNDATION FOR PEACE AND DIALOGUE INC", "city": "NEW YORK", "state": "NY", "zip": "10027-2381", "ntee": "", "ruling": "201910", "deductibility": "1", "assets": 79361, "income": 327112, "revenue": 0}, {"ein": "843699233", "name": "PEACE & HARMONY FOUNDATION INC", "city": "POUGHKEEPSIE", "state": "NY", "zip": "12603-6056", "ntee": "T30", "ruling": "201912", "deductibility": "1", "assets": 0, "income": 0, "revenue": 0}, {"ein": "843980866", "name": "COMMUNITY ALLIANCE FOR PEACE EDUCATION AND SAFETY CORP", "city": "KINGSTON", "state": "NY", "zip": "12401-7451", "ntee": "B12", "ruling": "202004", "deductibility": "1", "assets": 0, "income": 0, "revenue": 0}, {"ein": "850487649", "name": "PEACE ON THE STREET", "city": "NEW YORK", "state": "NY", "zip": "10035-5040", "ntee": "I40", "ruling": "202011", "deductibility": "1", "assets": 0, "income": 0, "revenue": 0}, {"ein": "850937773", "name": "GLOBAL PEACE CHAIN FOUNDATION", "city": "BRONX", "state": "NY", "zip": "10462-3680", "ntee": "", "ruling": "202505", "deductibility": "1", "assets": 0, "income": 0, "revenue": 0}, {"ein": "851647681", "name": "BRONX PEACE MAKERS INC", "city": "NEW YORK", "state": "NY", "zip": "10128-5429", "ntee": "S01", "ruling": "202009", "deductibility": "1", "assets": 0, "income": 0, "revenue": 0}, {"ein": "852482134", "name": "CHURCH CENTER FOR PEACE AND JUSTICE INC", "city": "NEW YORK", "state": "NY", "zip": "10017-3521", "ntee": "X11", "ruling": "202104", "deductibility": "1", "assets": 0, "income": 0, "revenue": 0}, {"ein": "853225040", "name": "PEACE AND DEVELOPMENT CENTER INTERNATIONAL PDCI INC", "city": "NEW YORK", "state": "NY", "zip": "10019-7635", "ntee": "Q20", "ruling": "202109", "deductibility": "1", "assets": 0, "income": 0, "revenue": 0}, {"ein": "853263398", "name": "PEACE LOVE UNITY MOVEMENT INC", "city": "EAST AMHERST", "state": "NY", "zip": "14051-2228", "ntee": "P20", "ruling": "202401", "deductibility": "1", "assets": 0, "income": 0, "revenue": 0}, {"ein": "853762779", "name": "CENTRE FOR FREEDOM AND PEACE", "city": "ASTORIA", "state": "NY", "zip": "11105-4284", "ntee": "R20", "ruling": "202204", "deductibility": "1", "assets": 50, "income": 3250, "revenue": 3250}, {"ein": "853806278", "name": "PEACE LING CENTER INC", "city": "FLUSHING", "state": "NY", "zip": "11355-2340", "ntee": "X50", "ruling": "202104", "deductibility": "1", "assets": 0, "income": 0, "revenue": 0}, {"ein": "861050657", "name": "VETERANS FOR PEACE INC", "city": "BINGHAMTON", "state": "NY", "zip": "13905-3440", "ntee": "W302", "ruling": "198808", "deductibility": "1", "assets": 0, "income": 0, "revenue": 0}, {"ein": "861231408", "name": "CENTER OF PEACE FOR FAMILY AND CHILDREN", "city": "BROOKLYN", "state": "NY", "zip": "11234-3303", "ntee": "B99", "ruling": "202103", "deductibility": "1", "assets": 0, "income": 0, "revenue": 0}, {"ein": "861332173", "name": "BROOKLYN PEACE CENTER", "city": "BROOKLYN", "state": "NY", "zip": "11206-5305", "ntee": "W70", "ruling": "202108", "deductibility": "1", "assets": 19252, "income": 68760, "revenue": 68760}, {"ein": "861863705", "name": "LOVEJOY PEACE CENTER INC", "city": "BUFFALO", "state": "NY", "zip": "14206-1414", "ntee": "X40", "ruling": "202201", "deductibility": "1", "assets": 295010, "income": 77850, "revenue": 77850}, {"ein": "862941514", "name": "HOPE AND PEACE FOUNDATION INC", "city": "ROSLYN HTS", "state": "NY", "zip": "11577-2524", "ntee": "B12", "ruling": "202111", "deductibility": "1", "assets": 872, "income": 19200, "revenue": 0}, {"ein": "863450891", "name": "UNIVERSAL CHURCH OF FREEDOM PEACE AND JUSTICE", "city": "KINGSTON", "state": "NY", "zip": "12401-3823", "ntee": "X99", "ruling": "202202", "deductibility": "1", "assets": 0, "income": 0, "revenue": 0}, {"ein": "872123527", "name": "GROWING PEACE INC", "city": "NEW YORK", "state": "NY", "zip": "10023-1489", "ntee": "K99", "ruling": "202111", "deductibility": "1", "assets": 4639, "income": 3103, "revenue": 3103}, {"ein": "873515897", "name": "DIPLOMACY FOR WORLD PEACE INC", "city": "EAST MEADOW", "state": "NY", "zip": "11554-3135", "ntee": "P20", "ruling": "202202", "deductibility": "1", "assets": 0, "income": 0, "revenue": 0}, {"ein": "874567544", "name": "PEACE INNOVATION INITIATIVE INC", "city": "KATONAH", "state": "NY", "zip": "10536-3517", "ntee": "Q40", "ruling": "202207", "deductibility": "1", "assets": 0, "income": 0, "revenue": 0}, {"ein": "874713828", "name": "PEACE EDUCATION CENTER OF THE HUDSON VALLEY", "city": "TILLSON", "state": "NY", "zip": "12486-1600", "ntee": "B99", "ruling": "202301", "deductibility": "1", "assets": 0, "income": 0, "revenue": 0}, {"ein": "880674346", "name": "DOVE OF PEACE GLOBAL NETWORK INC", "city": "BRONX", "state": "NY", "zip": "10453-2101", "ntee": "T50", "ruling": "202505", "deductibility": "1", "assets": 0, "income": 0, "revenue": 0}, {"ein": "881644486", "name": "PEACE ATLAS INC", "city": "LAURELTON", "state": "NY", "zip": "11413-2435", "ntee": "F01", "ruling": "202208", "deductibility": "1", "assets": 0, "income": 0, "revenue": 0}, {"ein": "882958249", "name": "CONCERNED PHILOSOPHERS FOR PEACE", "city": "CORNWALL", "state": "NY", "zip": "12518-1527", "ntee": "T03", "ruling": "202207", "deductibility": "1", "assets": 0, "income": 0, "revenue": 0}, {"ein": "883306653", "name": "911 WORLD PEACE PARK INC", "city": "FLUSHING", "state": "NY", "zip": "11354-6538", "ntee": "A80", "ruling": "202208", "deductibility": "1", "assets": 0, "income": 0, "revenue": 0}, {"ein": "900034272", "name": "VETERANS FOR PEACE INC", "city": "QUEENS VLG", "state": "NY", "zip": "11427-1034", "ntee": "", "ruling": "198808", "deductibility": "1", "assets": 0, "income": 0, "revenue": 0}, {"ein": "900034273", "name": "VETERANS FOR PEACE INC", "city": "ALBANY", "state": "NY", "zip": "12208-2301", "ntee": "", "ruling": "198808", "deductibility": "1", "assets": 0, "income": 0, "revenue": 0}, {"ein": "920743179", "name": "INTERNATIONAL ORGANIZATION FOR TRANSITIONAL JUSTICE AND PEACE INC", "city": "NEW YORK", "state": "NY", "zip": "10016-5403", "ntee": "Q70", "ruling": "202304", "deductibility": "1", "assets": 0, "income": 0, "revenue": 0}, {"ein": "920904202", "name": "PEACE TOGETHER PROJECT INC", "city": "NEW HARTFORD", "state": "NY", "zip": "13413-3506", "ntee": "P20", "ruling": "202211", "deductibility": "1", "assets": 0, "income": 0, "revenue": 0}, {"ein": "922360461", "name": "PEACE OFFICERS ASSOCIATION OF NYS INC", "city": "CARTHAGE", "state": "NY", "zip": "13619-1511", "ntee": "I60", "ruling": "202305", "deductibility": "1", "assets": 0, "income": 0, "revenue": 0}, {"ein": "923626889", "name": "AMBASSADORS FOR PEACE", "city": "BROOKLYN", "state": "NY", "zip": "11212-4479", "ntee": "I21", "ruling": "202311", "deductibility": "1", "assets": 0, "income": 0, "revenue": 0}, {"ein": "931982011", "name": "TAZKIYAH PEACE PARTNERS", "city": "BRONXVILLE", "state": "NY", "zip": "10708-6803", "ntee": "Q20", "ruling": "202307", "deductibility": "1", "assets": 0, "income": 0, "revenue": 0}, {"ein": "932215908", "name": "PEACE BEGINS WITH A SMILE INC", "city": "NEW YORK", "state": "NY", "zip": "10016-7810", "ntee": "B99", "ruling": "202308", "deductibility": "1", "assets": 0, "income": 0, "revenue": 0}, {"ein": "932323890", "name": "COMMITTEE TO END ANTISEMITISM AND PROMOTE PEACE", "city": "LOCUST VALLEY", "state": "NY", "zip": "11560-1228", "ntee": "B01", "ruling": "202309", "deductibility": "1", "assets": 0, "income": 0, "revenue": 0}, {"ein": "932775693", "name": "CULTURE FOR PEACE INSTITUTE", "city": "NEW YORK", "state": "NY", "zip": "10150-1150", "ntee": "A23", "ruling": "202308", "deductibility": "1", "assets": 39464, "income": 100000, "revenue": 100000}, {"ein": "932823435", "name": "MINDFUL PEACE BUDDHIST ASSOCIATION USA INC", "city": "BAYSIDE", "state": "NY", "zip": "11364-2337", "ntee": "X03", "ruling": "202408", "deductibility": "1", "assets": 2477, "income": 47527, "revenue": 47527}, {"ein": "933655998", "name": "PEACE ACADEMY INC", "city": "BROOKLYN", "state": "NY", "zip": "11230-1417", "ntee": "B20", "ruling": "202411", "deductibility": "1", "assets": 0, "income": 0, "revenue": 0}, {"ein": "934301642", "name": "PEACE RAGS INC", "city": "NEW YORK", "state": "NY", "zip": "10011-8436", "ntee": "J22", "ruling": "202312", "deductibility": "1", "assets": 0, "income": 0, "revenue": 0}, {"ein": "934533284", "name": "MUNA ALLIANCE FOR PEACE AND JUSTICE INC", "city": "BROOKLYN", "state": "NY", "zip": "11208-2836", "ntee": "A01", "ruling": "202312", "deductibility": "1", "assets": 1, "income": 0, "revenue": 0}, {"ein": "990680865", "name": "ART OF PEACE AIKIDO INC", "city": "WOODSTOCK", "state": "NY", "zip": "12498-1940", "ntee": "B99", "ruling": "202401", "deductibility": "1", "assets": 0, "income": 0, "revenue": 0}, {"ein": "990686509", "name": "RIVER OF PEACE CHARITIES INC", "city": "JOHNSTOWN", "state": "NY", "zip": "12095-1044", "ntee": "P60", "ruling": "202401", "deductibility": "1", "assets": 0, "income": 0, "revenue": 0}, {"ein": "990889795", "name": "PEACE TEMPLE INC", "city": "HANCOCK", "state": "NY", "zip": "13783-3345", "ntee": "B99", "ruling": "202412", "deductibility": "1", "assets": 0, "income": 0, "revenue": 0}, {"ein": "991268978", "name": "ART OF PEACE SOCIETY", "city": "BRONX", "state": "NY", "zip": "10461-2006", "ntee": "A12", "ruling": "202402", "deductibility": "1", "assets": 0, "income": 0, "revenue": 0}, {"ein": "992903437", "name": "HORSE OX PEACE PROJECT INC", "city": "AUSTERLITZ", "state": "NY", "zip": "12017-0000", "ntee": "A23", "ruling": "202405", "deductibility": "1", "assets": 0, "income": 0, "revenue": 0}, {"ein": "993104308", "name": "LI15 VISIONARIES FOR PEACE AND ABUNDANCE INC", "city": "S RICHMOND HL", "state": "NY", "zip": "11419-1720", "ntee": "P12", "ruling": "202408", "deductibility": "1", "assets": 0, "income": 0, "revenue": 0}, {"ein": "993438335", "name": "INNER PEACE NY", "city": "LONG IS CITY", "state": "NY", "zip": "11101-8922", "ntee": "X03", "ruling": "202407", "deductibility": "1", "assets": 7032, "income": 58870, "revenue": 58870}], "CHASIDEI": [{"ein": "020607850", "name": "CONGREGATION TALMUD TORAH D CHASIDEI BOBOV OF MONSEY", "city": "SPRING VALLEY", "state": "NY", "zip": "10977-5628", "ntee": "X30", "ruling": "200208", "deductibility": "1", "assets": 0, "income": 0, "revenue": 0}, {"ein": "043759823", "name": "CONGREGATION KOLEL CHASIDEI RACHMISTRIVKA INC", "city": "SUFFERN", "state": "NY", "zip": "10901-4004", "ntee": "X21", "ruling": "200307", "deductibility": "1", "assets": 0, "income": 0, "revenue": 0}, {"ein": "111782102", "name": "AGUDAS CHASIDEI CHABAD OF UNITED STATES", "city": "BROOKLYN", "state": "NY", "zip": "11213-3409", "ntee": "", "ruling": "195508", "deductibility": "1", "assets": 0, "income": 0, "revenue": 0}, {"ein": "112431187", "name": "CONGREGATION CHASIDEI GUR CHIDUSHE HARIM", "city": "BROOKLYN", "state": "NY", "zip": "11230-6401", "ntee": "", "ruling": "198102", "deductibility": "1", "assets": 0, "income": 0, "revenue": 0}, {"ein": "112453132", "name": "KOLEL METZIYONIM OHEL YOSEF CHASIDEI AMSHINOV C O ICCHOK KALIS", "city": "BKLYN", "state": "NY", "zip": "11219-1603", "ntee": "", "ruling": "197804", "deductibility": "1", "assets": 0, "income": 0, "revenue": 0}, {"ein": "112514897", "name": "BEIS CHASIDEI GORITZ INC", "city": "BROOKLYN", "state": "NY", "zip": "11204-1804", "ntee": "", "ruling": "197912", "deductibility": "1", "assets": 0, "income": 0, "revenue": 0}, {"ein": "112516286", "name": "CONGREGATION CHASIDEI BRESSLOV JERUSALEM INC", "city": "BROOKLYN", "state": "NY", "zip": "11235-6812", "ntee": "", "ruling": "198001", "deductibility": "1", "assets": 0, "income": 0, "revenue": 0}, {"ein": "112574369", "name": "CONGREGATION CHASIDEI RADOMSK OF BORO PARK", "city": "BROOKLYN", "state": "NY", "zip": "11219-1415", "ntee": "", "ruling": "200701", "deductibility": "1", "assets": 0, "income": 0, "revenue": 0}, {"ein": "112647815", "name": "CONGREGATION NACHLAS MAHARIM D CHASIDEI STRETIN", "city": "BROOKLYN", "state": "NY", "zip": "11204-1236", "ntee": "", "ruling": "198312", "deductibility": "1", "assets": 0, "income": 0, "revenue": 0}, {"ein": "112695241", "name": "MERKAZ CHASIDEI VURKA", "city": "BROOKLYN", "state": "NY", "zip": "11204-1404", "ntee": "", "ruling": "198610", "deductibility": "1", "assets": 0, "income": 0, "revenue": 0}, {"ein": "112827308", "name": "CONGREGATION CHASIDEI BELZ BETH MALKA", "city": "BROOKLYN", "state": "NY", "zip": "11218-3805", "ntee": "", "ruling": "198703", "deductibility": "1", "assets": 0, "income": 0, "revenue": 0}, {"ein": "112836896", "name": "BETH HAMEDRACH CHASIDEI AMSHINOV", "city": "BROOKLYN", "state": "NY", "zip": "11219-1603", "ntee": "", "ruling": "198702", "deductibility": "1", "assets": 0, "income": 0, "revenue": 0}, {"ein": "112839108", "name": "CONGREGATION KOLEL AVREICHIM CHASIDEI BRESLAV", "city": "BROOKLYN", "state": "NY", "zip": "11230-5178", "ntee": "", "ruling": "198702", "deductibility": "1", "assets": 0, "income": 0, "revenue": 0}, {"ein": "112951510", "name": "KHAL CHASIDEI BELZ", "city": "BROOKLYN", "state": "NY", "zip": "11211-7598", "ntee": "", "ruling": "198903", "deductibility": "1", "assets": 0, "income": 0, "revenue": 0}, {"ein": "113078760", "name": "CONGREGATION KAHL CHASIDEI BOBOV", "city": "BROOKLYN", "state": "NY", "zip": "11219-0000", "ntee": "", "ruling": "199308", "deductibility": "1", "assets": 0, "income": 0, "revenue": 0}, {"ein": "113095648", "name": "KOLLEL CHASIDEI SQUARE OF BROOKLYN", "city": "BROOKLYN", "state": "NY", "zip": "11210-3714", "ntee": "", "ruling": "199204", "deductibility": "1", "assets": 0, "income": 0, "revenue": 0}, {"ein": "113136757", "name": "MOSDOS CHASIDEI SQUARE TYY OF BORO PARK", "city": "BROOKLYN", "state": "NY", "zip": "11219-1408", "ntee": "", "ruling": "199303", "deductibility": "1", "assets": 0, "income": 0, "revenue": 0}, {"ein": "113139788", "name": "MOSDOS CHASIDEI SQUARE TYY OF WILLIAMSBURG", "city": "BROOKLYN", "state": "NY", "zip": "11206-5408", "ntee": "T22Z", "ruling": "199505", "deductibility": "1", "assets": 0, "income": 0, "revenue": 0}, {"ein": "113404265", "name": "IGUD CHASIDEI SANZ", "city": "BROOKLYN", "state": "NY", "zip": "11219-3502", "ntee": "X30Z", "ruling": "199803", "deductibility": "1", "assets": 0, "income": 0, "revenue": 0}, {"ein": "113408429", "name": "AGUDAS CHASIDEI SANZ", "city": "BROOKLYN", "state": "NY", "zip": "11219-3502", "ntee": "X30Z", "ruling": "199805", "deductibility": "1", "assets": 0, "income": 0, "revenue": 0}, {"ein": "116038056", "name": "AGUDATH CHASIDEI SPINKA", "city": "BROOKLYN", "state": "NY", "zip": "11219-4706", "ntee": "X30", "ruling": "201502", "deductibility": "1", "assets": 0, "income": 0, "revenue": 0}, {"ein": "133009056", "name": "CONGREGATION CHASIDEI GUR OF MONSEY", "city": "AIRMONT", "state": "NY", "zip": "10952-3035", "ntee": "", "ruling": "198001", "deductibility": "1", "assets": 0, "income": 0, "revenue": 0}, {"ein": "133147084", "name": "CONGREGATION KHAL CHASIDEI SKVER", "city": "SPRING VALLEY", "state": "NY", "zip": "10977-8940", "ntee": "X30", "ruling": "201505", "deductibility": "1", "assets": 0, "income": 0, "revenue": 0}, {"ein": "133395421", "name": "ATERES MOSHE CHASIDEI UMOSODOS LELOV", "city": "BROOKLYN", "state": "NY", "zip": "11204-1252", "ntee": "", "ruling": "198703", "deductibility": "1", "assets": 0, "income": 0, "revenue": 0}, {"ein": "136159064", "name": "YESHIVAS CHASIDEI BELZ-BELZ INSTITUTIONS IN ISRAEL", "city": "BROOKLYN", "state": "NY", "zip": "11219-1602", "ntee": "Q123", "ruling": "195901", "deductibility": "1", "assets": 1463653, "income": 8854988, "revenue": 8001267}, {"ein": "200251653", "name": "CONG TIFERES YISROEL CHASIDEI CHORTKOV", "city": "BROOKLYN", "state": "NY", "zip": "11218-1936", "ntee": "X30", "ruling": "200311", "deductibility": "1", "assets": 0, "income": 0, "revenue": 0}, {"ein": "204984751", "name": "CONGREGATION CHASIDEI BOBOV OFMONSEY", "city": "MONSEY", "state": "NY", "zip": "10952-2619", "ntee": "X30", "ruling": "200801", "deductibility": "1", "assets": 0, "income": 0, "revenue": 0}, {"ein": "237215271", "name": "BAIS HAMEDROSH CHEIV YISROEL CHASIDEI ZIDICHOIV", "city": "BROOKLYN", "state": "NY", "zip": "11219-2932", "ntee": "", "ruling": "197206", "deductibility": "1", "assets": 0, "income": 0, "revenue": 0}, {"ein": "237339651", "name": "CONGREGATION CHASIDEI BELZ WILLIAMSBURGH-BNOS JERUSALEM", "city": "BROOKLYN", "state": "NY", "zip": "11218-3808", "ntee": "", "ruling": "197401", "deductibility": "1", "assets": 0, "income": 0, "revenue": 0}, {"ein": "237348777", "name": "CONGREGATION CHASIDEI GOOR OF BOROUGH PARK", "city": "BROOKLYN", "state": "NY", "zip": "11219-3133", "ntee": "", "ruling": "197402", "deductibility": "1", "assets": 0, "income": 0, "revenue": 0}, {"ein": "237359008", "name": "KOLEL CHASIDEI GUR", "city": "BROOKLYN", "state": "NY", "zip": "11219-3738", "ntee": "", "ruling": "197403", "deductibility": "1", "assets": 0, "income": 0, "revenue": 0}, {"ein": "237427664", "name": "CONGERGATION AVREICHEI D CHASIDEI GER", "city": "BKLYN", "state": "NY", "zip": "11219-4270", "ntee": "", "ruling": "197502", "deductibility": "1", "assets": 0, "income": 0, "revenue": 0}, {"ein": "270328382", "name": "AMERICAN FRIENDS OF MERKAZ CHASIDEI VIZNITZ INC", "city": "BROOKLYN", "state": "NY", "zip": "11206-5498", "ntee": "Q112", "ruling": "201705", "deductibility": "1", "assets": 500641, "income": 1681740, "revenue": 1681740}, {"ein": "272821136", "name": "KHAL CHASIDEI BELZ MACHNOVKE OF BORO PARK", "city": "BROOKLYN", "state": "NY", "zip": "11219-5094", "ntee": "X20", "ruling": "201303", "deductibility": "1", "assets": 0, "income": 0, "revenue": 0}, {"ein": "274817480", "name": "CONGREGATION CHASIDEI BELZ", "city": "BROOKLYN", "state": "NY", "zip": "11219-1601", "ntee": "X30", "ruling": "201611", "deductibility": "1", "assets": 0, "income": 0, "revenue": 0}, {"ein": "364725161", "name": "CONGREGATION CHASIDEI GUR OF MIDWOOD", "city": "BROOKLYN", "state": "NY", "zip": "11230-6801", "ntee": "X30", "ruling": "201203", "deductibility": "1", "assets": 0, "income": 0, "revenue": 0}, {"ein": "472005374", "name": "KHAL CHASIDEI SKVERE INC", "city": "SPRING VALLEY", "state": "NY", "zip": "10977-3846", "ntee": "X30", "ruling": "201505", "deductibility": "1", "assets": 0, "income": 0, "revenue": 0}, {"ein": "473511695", "name": "CONG CHASIDEI YERUSHALIEM", "city": "BROOKLYN", "state": "NY", "zip": "11204-1549", "ntee": "X30", "ruling": "201511", "deductibility": "1", "assets": 0, "income": 0, "revenue": 0}, {"ein": "510142958", "name": "CONGREGATION KHAL CHASIDEI SKWERA INC", "city": "BROOKLYN", "state": "NY", "zip": "11219-2611", "ntee": "", "ruling": "197506", "deductibility": "1", "assets": 0, "income": 0, "revenue": 0}, {"ein": "760832435", "name": "KOLLEL AVREICHIM D CHASIDEI BOBOV", "city": "BROOKLYN", "state": "NY", "zip": "11219-0676", "ntee": "X30", "ruling": "201806", "deductibility": "1", "assets": 0, "income": 0, "revenue": 0}, {"ein": "822757952", "name": "FRIENDS OF TJJ CHASIDEI SQUARE INC", "city": "SPRING VALLEY", "state": "NY", "zip": "10977-1915", "ntee": "X80", "ruling": "201904", "deductibility": "1", "assets": 163808, "income": 394055, "revenue": 394055}, {"ein": "823276260", "name": "CONGREGATION CHASIDEI BELZ STATEN ISLAND", "city": "STATEN ISLAND", "state": "NY", "zip": "10314-5021", "ntee": "X30", "ruling": "201802", "deductibility": "1", "assets": 0, "income": 0, "revenue": 0}, {"ein": "833774023", "name": "CONGREGATION CHASIDEI ZVHILL OF USA", "city": "SPRING VALLEY", "state": "NY", "zip": "10977-0000", "ntee": "X30", "ruling": "202212", "deductibility": "1", "assets": 0, "income": 0, "revenue": 0}, {"ein": "843621604", "name": "KOLELL D CHASIDEI BELZ", "city": "BROOKLYN", "state": "NY", "zip": "11219-1312", "ntee": "X30", "ruling": "202011", "deductibility": "1", "assets": 0, "income": 0, "revenue": 0}, {"ein": "873213288", "name": "KHAL CHASIDEI BELZ MONSEY", "city": "SPRING VALLEY", "state": "NY", "zip": "10977-4841", "ntee": "X30", "ruling": "202205", "deductibility": "1", "assets": 0, "income": 0, "revenue": 0}, {"ein": "873583950", "name": "CONGREGATION CHASIDEI SKVER", "city": "BROOKLYN", "state": "NY", "zip": "11219-2244", "ntee": "X30", "ruling": "202205", "deductibility": "1", "assets": 0, "income": 0, "revenue": 0}, {"ein": "874197306", "name": "CONGREGATION D CHASIDEI GUR", "city": "STATEN ISLAND", "state": "NY", "zip": "10314-4133", "ntee": "X30", "ruling": "202310", "deductibility": "1", "assets": 0, "income": 0, "revenue": 0}, {"ein": "920949864", "name": "CONGREGATION CHASIDEI BRESLOV", "city": "MONROE", "state": "NY", "zip": "10950-6430", "ntee": "X30", "ruling": "202402", "deductibility": "1", "assets": 0, "income": 0, "revenue": 0}, {"ein": "932018616", "name": "KHAL CHASIDEI SANZ INC", "city": "BROOKLYN", "state": "NY", "zip": "11204-1162", "ntee": "X30", "ruling": "202404", "deductibility": "1", "assets": 0, "income": 0, "revenue": 0}, {"ein": "990432099", "name": "CONG CHABURAS CHASIDEI YERUSHALAYIM", "city": "BROOKLYN", "state": "NY", "zip": "11249-7809", "ntee": "X30", "ruling": "202407", "deductibility": "1", "assets": 0, "income": 0, "revenue": 0}], "SANZ": [{"ein": "030453588", "name": "KOLEL BAIS BRAUCH SANZ GRIBOV", "city": "STATEN ISLAND", "state": "NY", "zip": "10302-1836", "ntee": "X30", "ruling": "200302", "deductibility": "1", "assets": 0, "income": 0, "revenue": 0}, {"ein": "112570062", "name": "YEAHIVA JESODE HATORAH MOSDOS SANZ LTD", "city": "BROOKLYN", "state": "NY", "zip": "11211-7910", "ntee": "", "ruling": "198106", "deductibility": "1", "assets": 0, "income": 0, "revenue": 0}, {"ein": "112610273", "name": "MOSDOS SANZ-GRYBOV", "city": "BROOKLYN", "state": "NY", "zip": "11204-1113", "ntee": "", "ruling": "198302", "deductibility": "1", "assets": 0, "income": 0, "revenue": 0}, {"ein": "112795573", "name": "MOISDOS SANZ-STROPKOV C/O ABRAHAM WEINBERGER", "city": "BROOKLYN", "state": "NY", "zip": "11230-1013", "ntee": "", "ruling": "198607", "deductibility": "1", "assets": 0, "income": 0, "revenue": 0}, {"ein": "112797367", "name": "UNITED SANZ INTERNATIONAL INSTITUTIONS", "city": "BROOKLYN", "state": "NY", "zip": "11219-3501", "ntee": "", "ruling": "198608", "deductibility": "1", "assets": 0, "income": 0, "revenue": 0}, {"ein": "112870507", "name": "YESHIVA L TZEERIM SANZ KLAUSENBURG INC", "city": "BROOKLYN", "state": "NY", "zip": "11219-3631", "ntee": "", "ruling": "198709", "deductibility": "1", "assets": 0, "income": 0, "revenue": 0}, {"ein": "112899020", "name": "CONGREGATION BAIS SANZ", "city": "BROOKLYN", "state": "NY", "zip": "11219-3632", "ntee": "", "ruling": "198804", "deductibility": "1", "assets": 0, "income": 0, "revenue": 0}, {"ein": "113404265", "name": "IGUD CHASIDEI SANZ", "city": "BROOKLYN", "state": "NY", "zip": "11219-3502", "ntee": "X30Z", "ruling": "199803", "deductibility": "1", "assets": 0, "income": 0, "revenue": 0}, {"ein": "113408429", "name": "AGUDAS CHASIDEI SANZ", "city": "BROOKLYN", "state": "NY", "zip": "11219-3502", "ntee": "X30Z", "ruling": "199805", "deductibility": "1", "assets": 0, "income": 0, "revenue": 0}, {"ein": "113574577", "name": "KOLEL BOKER SANZ", "city": "BROOKLYN", "state": "NY", "zip": "11211-8036", "ntee": "X30", "ruling": "200103", "deductibility": "1", "assets": 0, "income": 0, "revenue": 0}, {"ein": "113618207", "name": "BNOS SANZ", "city": "BROOKLYN", "state": "NY", "zip": "11204-1109", "ntee": "X30", "ruling": "200112", "deductibility": "1", "assets": 0, "income": 0, "revenue": 0}, {"ein": "113632838", "name": "CONG BNEI TORAH SANZ", "city": "BROOKLYN", "state": "NY", "zip": "11218-3805", "ntee": "X30", "ruling": "200205", "deductibility": "1", "assets": 0, "income": 0, "revenue": 0}, {"ein": "132724055", "name": "AMERICAN FRIENDS OF KIRYAT SANZ LANIADO HOSPITAL INC", "city": "NEW YORK", "state": "NY", "zip": "10001-1902", "ntee": "Q300", "ruling": "197302", "deductibility": "1", "assets": 5481491, "income": 2576858, "revenue": 2576858}, {"ein": "133045217", "name": "CONGREGATION SANZ KLAUSENBORG OFMONSEY INC", "city": "MONSEY", "state": "NY", "zip": "10952-3011", "ntee": "X30", "ruling": "202205", "deductibility": "1", "assets": 0, "income": 0, "revenue": 0}, {"ein": "133818570", "name": "AMERICAN COMMITTEE FOR SANZ INSTITUTIONS OF ISRAEL INC", "city": "BROOKLYN", "state": "NY", "zip": "11204-1162", "ntee": "Q123", "ruling": "199601", "deductibility": "1", "assets": 7506131, "income": 6105377, "revenue": 5755382}, {"ein": "133991117", "name": "CONGREGATION KOLEL SANZ KLAUSENBERG INC", "city": "TALLMAN", "state": "NY", "zip": "10982-0093", "ntee": "X30Z", "ruling": "199806", "deductibility": "1", "assets": 0, "income": 0, "revenue": 0}, {"ein": "133991123", "name": "CONGREGATION GEMACH SANZ KLAUSENBERG INC", "city": "MONSEY", "state": "NY", "zip": "10952-0786", "ntee": "X30Z", "ruling": "199806", "deductibility": "1", "assets": 0, "income": 0, "revenue": 0}, {"ein": "134114563", "name": "MOSDOS SANZ KLAUSENBURG OF MONSEY", "city": "MONSEY", "state": "NY", "zip": "10952-8414", "ntee": "X30", "ruling": "200005", "deductibility": "1", "assets": 0, "income": 0, "revenue": 0}, {"ein": "200232057", "name": "SANZ INTERNATIONAL INSTITUTIONS INC", "city": "MONSEY", "state": "NY", "zip": "10952-3368", "ntee": "Q33", "ruling": "200412", "deductibility": "1", "assets": 0, "income": 0, "revenue": 0}, {"ein": "201614898", "name": "YAD VEIZER SANZ KLAUSENBERG", "city": "BROOKLYN", "state": "NY", "zip": "11219-3502", "ntee": "X30", "ruling": "200505", "deductibility": "1", "assets": 0, "income": 0, "revenue": 0}, {"ein": "203152979", "name": "YESHIVAS SANZ KLAUZENBURG", "city": "BROOKLYN", "state": "NY", "zip": "11219-3502", "ntee": "X30", "ruling": "200606", "deductibility": "1", "assets": 0, "income": 0, "revenue": 0}, {"ein": "262141357", "name": "CONG KOLLEL SANZ KLAUSENBURG INC", "city": "BROOKLYN", "state": "NY", "zip": "11219-3745", "ntee": "X30", "ruling": "201312", "deductibility": "1", "assets": 0, "income": 0, "revenue": 0}, {"ein": "274637516", "name": "CONGREGATION DARKEI AVOS SANZ INC", "city": "BROOKLYN", "state": "NY", "zip": "11211-8919", "ntee": "X30", "ruling": "201109", "deductibility": "1", "assets": 0, "income": 0, "revenue": 0}, {"ein": "331727904", "name": "CONG SHEFA CHAIM SANZ", "city": "MONSEY", "state": "NY", "zip": "10952-0520", "ntee": "X30", "ruling": "202505", "deductibility": "1", "assets": 0, "income": 0, "revenue": 0}, {"ein": "384217833", "name": "CONGREGATION BAIS SANZ", "city": "BROOKLYN", "state": "NY", "zip": "11204-1482", "ntee": "X30", "ruling": "202212", "deductibility": "1", "assets": 0, "income": 0, "revenue": 0}, {"ein": "454721710", "name": "MOSDOS SANZ OF MONSEY", "city": "SPRING VALLEY", "state": "NY", "zip": "10977-4224", "ntee": "B20", "ruling": "201312", "deductibility": "1", "assets": 12316398, "income": 6428470, "revenue": 6428470}, {"ein": "472424434", "name": "KEHAL KEDUSHAS AHARON SANZ KREIZ", "city": "BROOKLYN", "state": "NY", "zip": "11204-1122", "ntee": "X30", "ruling": "201502", "deductibility": "1", "assets": 0, "income": 0, "revenue": 0}, {"ein": "475152704", "name": "CONGREGATION DARKEI AVOS SANZ OF BP", "city": "BROOKLYN", "state": "NY", "zip": "11219-3008", "ntee": "X30", "ruling": "201603", "deductibility": "1", "assets": 0, "income": 0, "revenue": 0}, {"ein": "843295411", "name": "KAHAL SANZ INC", "city": "BROOKLYN", "state": "NY", "zip": "11206-3291", "ntee": "X30", "ruling": "202001", "deductibility": "1", "assets": 0, "income": 0, "revenue": 0}, {"ein": "861507652", "name": "YESHIVAS SANZ", "city": "STATEN ISLAND", "state": "NY", "zip": "10302-1836", "ntee": "X30", "ruling": "202104", "deductibility": "1", "assets": 0, "income": 0, "revenue": 0}, {"ein": "882459222", "name": "SANZ KLAUSENBERG INC", "city": "BROOKLYN", "state": "NY", "zip": "11219-3011", "ntee": "X30", "ruling": "202210", "deductibility": "1", "assets": 0, "income": 0, "revenue": 0}, {"ein": "932018616", "name": "KHAL CHASIDEI SANZ INC", "city": "BROOKLYN", "state": "NY", "zip": "11204-1162", "ntee": "X30", "ruling": "202404", "deductibility": "1", "assets": 0, "income": 0, "revenue": 0}, {"ein": "932374557", "name": "KEHILAS SANZ INC", "city": "MONSEY", "state": "NY", "zip": "10952-2718", "ntee": "X30", "ruling": "202402", "deductibility": "1", "assets": 0, "income": 0, "revenue": 0}], "DANCES": [{"ein": "043041985", "name": "DANCES BY ISADORA INC", "city": "NEW YORK", "state": "NY", "zip": "10128-3602", "ntee": "", "ruling": "199401", "deductibility": "1", "assets": 0, "income": 0, "revenue": 0}, {"ein": "133468164", "name": "DANCES PATRELLE INC", "city": "NEW YORK", "state": "NY", "zip": "10128-0012", "ntee": "", "ruling": "198810", "deductibility": "1", "assets": 59837, "income": 248581, "revenue": 248581}, {"ein": "133762511", "name": "AMY PIVAR DANCES INC", "city": "NEW YORK", "state": "NY", "zip": "10025-7639", "ntee": "A62", "ruling": "199406", "deductibility": "1", "assets": 0, "income": 0, "revenue": 0}, {"ein": "237102621", "name": "DANCES WE DANCE INC JONES-LUDIN DANCES WE DANCE CO", "city": "NEW YORK", "state": "NY", "zip": "10019-1548", "ntee": "A62Z", "ruling": "198311", "deductibility": "1", "assets": 0, "income": 0, "revenue": 0}, {"ein": "237427666", "name": "DANCES AND DRUMS OF AFRICA INC", "city": "BROOKLYN", "state": "NY", "zip": "11225-1302", "ntee": "A23", "ruling": "201603", "deductibility": "1", "assets": 0, "income": 0, "revenue": 0}, {"ein": "264572204", "name": "DANCES FOR A VARIABLE POPULATION INC", "city": "NEW YORK", "state": "NY", "zip": "10027-3723", "ntee": "A62", "ruling": "200906", "deductibility": "1", "assets": 540000, "income": 445656, "revenue": 445656}, {"ein": "993388570", "name": "SITE-SPECIFIC DANCES INC", "city": "NEW YORK", "state": "NY", "zip": "10019-7629", "ntee": "A62", "ruling": "202412", "deductibility": "1", "assets": 24750, "income": 40630, "revenue": 40630}], "LIFELINE": [{"ein": "043706199", "name": "CHAI LIFELINE CHILDRENS FUND INC", "city": "NEW YORK", "state": "NY", "zip": "10001-4007", "ntee": "T30", "ruling": "200304", "deductibility": "1", "assets": 25721, "income": 101223, "revenue": 0}, {"ein": "110494195", "name": "UNITED LIFELINE DELIVERANCE CHURCH OF GOD INC", "city": "BROOKLYN", "state": "NY", "zip": "11236-3417", "ntee": "X21", "ruling": "200410", "deductibility": "1", "assets": 0, "income": 0, "revenue": 0}, {"ein": "112002845", "name": "LIFELINE CENTER FOR CHILD DEVELOPMENT", "city": "QUEENS VLG", "state": "NY", "zip": "11427-2147", "ntee": "", "ruling": "196911", "deductibility": "1", "assets": 8641553, "income": 6139336, "revenue": 2901755}, {"ein": "112940331", "name": "CHAI LIFELINE INC", "city": "NEW YORK", "state": "NY", "zip": "10001-4199", "ntee": "E860", "ruling": "199101", "deductibility": "1", "assets": 28662220, "income": 39459738, "revenue": 30680827}, {"ein": "112999052", "name": "THE PENTECOSTAL LIFELINE CHURCH OF GOD REVIVAL CENTER INC", "city": "JAMAICA", "state": "NY", "zip": "11434-2238", "ntee": "X99I", "ruling": "199803", "deductibility": "1", "assets": 0, "income": 0, "revenue": 0}, {"ein": "113329795", "name": "LIFELINE MISSION MINISTRIES INC", "city": "BROOKLYN", "state": "NY", "zip": "11226-6415", "ntee": "X20", "ruling": "200006", "deductibility": "1", "assets": 0, "income": 0, "revenue": 0}, {"ein": "113469787", "name": "LIFELINE MEDIATION CENTER INC", "city": "MIDDLE ISLAND", "state": "NY", "zip": "11953-2509", "ntee": "P50", "ruling": "199903", "deductibility": "1", "assets": 25648, "income": 155651, "revenue": 155342}, {"ein": "202867180", "name": "JUSTICE LIFELINE INC", "city": "BUFFALO", "state": "NY", "zip": "14214-2138", "ntee": "I40", "ruling": "200910", "deductibility": "1", "assets": 0, "income": 0, "revenue": 0}, {"ein": "204048893", "name": "JEWISH LIFELINE NETWORK INC", "city": "MONSEY", "state": "NY", "zip": "10952-8046", "ntee": "X30", "ruling": "200606", "deductibility": "1", "assets": 1776548, "income": 4009066, "revenue": 4009066}, {"ein": "208695829", "name": "LIFELINE NEW YORK", "city": "NEW YORK", "state": "NY", "zip": "10022-0000", "ntee": "Q33", "ruling": "200801", "deductibility": "1", "assets": 22434, "income": 290814, "revenue": 265524}, {"ein": "260211195", "name": "HEALTH LIFELINE INC", "city": "NYACK", "state": "NY", "zip": "10960-2013", "ntee": "E32", "ruling": "201402", "deductibility": "1", "assets": 0, "income": 0, "revenue": 0}, {"ein": "273475421", "name": "LIFELINE GOSPEL MINSTRIES INTERNATIONAL INC", "city": "BROOKLYN", "state": "NY", "zip": "11203-4309", "ntee": "X21", "ruling": "201106", "deductibility": "1", "assets": 0, "income": 0, "revenue": 0}, {"ein": "274297533", "name": "SPECIAL NEEDS LIFELINE CORP", "city": "NEW YORK", "state": "NY", "zip": "10016-8709", "ntee": "P017", "ruling": "201109", "deductibility": "1", "assets": 0, "income": 0, "revenue": 0}, {"ein": "331280739", "name": "LIFELINE SUPPORT MINISTRIES INC", "city": "JAMAICA", "state": "NY", "zip": "11433-1907", "ntee": "X20", "ruling": "202412", "deductibility": "1", "assets": 0, "income": 0, "revenue": 0}, {"ein": "332712927", "name": "LIFELINE LEGACY FOUNDATION INC", "city": "HICKSVILLE", "state": "NY", "zip": "11801-3033", "ntee": "W99", "ruling": "202505", "deductibility": "1", "assets": 0, "income": 0, "revenue": 0}, {"ein": "412100349", "name": "CONGREGATION CHAI LIFELINE", "city": "NEW YORK", "state": "NY", "zip": "10001-4007", "ntee": "X30", "ruling": "200312", "deductibility": "1", "assets": 0, "income": 0, "revenue": 0}, {"ein": "811050304", "name": "LIFELINE FOR PEOPLE FOUNDATION INC", "city": "SAINT ALBANS", "state": "NY", "zip": "11412-2818", "ntee": "P20", "ruling": "201603", "deductibility": "1", "assets": 0, "income": 0, "revenue": 0}, {"ein": "831895613", "name": "LIFELINE ALLIANCE CORP", "city": "LAWRENCE", "state": "NY", "zip": "11559-2416", "ntee": "E12", "ruling": "201812", "deductibility": "1", "assets": 0, "income": 0, "revenue": 0}, {"ein": "991870410", "name": "NASEEM & AKBAR LIFELINE FOUNDATION INC", "city": "BROOKLYN", "state": "NY", "zip": "11214-3721", "ntee": "P30", "ruling": "202404", "deductibility": "1", "assets": 2400, "income": 7455, "revenue": 7455}], "STERLING": [{"ein": "061467121", "name": "STERLING FOREST PARTNERSHIP INC", "city": "TUXEDO PARK", "state": "NY", "zip": "10987-0303", "ntee": "C300", "ruling": "199704", "deductibility": "1", "assets": 0, "income": 0, "revenue": 0}, {"ein": "112493701", "name": "THE STERLING CEMETERY", "city": "GREENPORT", "state": "NY", "zip": "11944-0855", "ntee": "Y50", "ruling": "200109", "deductibility": "2", "assets": 550801, "income": 58642, "revenue": 58642}, {"ein": "112590105", "name": "THE STERLING FOUNDATION", "city": "GREAT NECK", "state": "NY", "zip": "11021-3131", "ntee": "", "ruling": "198201", "deductibility": "1", "assets": 1525375, "income": 831935, "revenue": 0}, {"ein": "131957792", "name": "ROBERT STERLING CLARK FOUNDATION INC", "city": "NEW YORK", "state": "NY", "zip": "10065-0000", "ntee": "", "ruling": "195502", "deductibility": "1", "assets": 69794251, "income": 5955816, "revenue": 0}, {"ein": "133175025", "name": "STERLING FOREST VOLUNTEER FIRE COMPANY INC", "city": "SOUTHFIELDS", "state": "NY", "zip": "10975-0055", "ntee": "", "ruling": "198805", "deductibility": "1", "assets": 297263, "income": 76226, "revenue": 76226}, {"ein": "133890611", "name": "STERLING HOME CARE INC", "city": "RYE", "state": "NY", "zip": "10580-1406", "ntee": "P70Z", "ruling": "199712", "deductibility": "1", "assets": 7092898, "income": 22302046, "revenue": 19875672}, {"ein": "134067505", "name": "LAVORI STERLING FOUNDATION INC", "city": "NEW YORK", "state": "NY", "zip": "10024-6343", "ntee": "T20", "ruling": "199911", "deductibility": "1", "assets": 5216103, "income": 1372240, "revenue": 0}, {"ein": "140651405", "name": "STERLING INSURANCE COOPERATIVE INC", "city": "COBLESKILL", "state": "NY", "zip": "12043-0000", "ntee": "Y23", "ruling": "200803", "deductibility": "2", "assets": 0, "income": 0, "revenue": 0}, {"ein": "150456115", "name": "SPRINGBROOK CEMETERY ASSOCIATION OF STERLING INC", "city": "FAIR HAVEN", "state": "NY", "zip": "13064-0252", "ntee": "", "ruling": "195009", "deductibility": "1", "assets": 0, "income": 0, "revenue": 0}, {"ein": "161104205", "name": "STERLING HISTORICAL SOCIETY", "city": "STERLING", "state": "NY", "zip": "13156-4152", "ntee": "A82Z", "ruling": "199507", "deductibility": "1", "assets": 0, "income": 0, "revenue": 0}, {"ein": "161547712", "name": "FRIENDS OF THE STERLING NATURE CENTER INC", "city": "STERLING", "state": "NY", "zip": "13156-0216", "ntee": "C30", "ruling": "199808", "deductibility": "1", "assets": 0, "income": 0, "revenue": 0}, {"ein": "161559294", "name": "STERLING HEIGHTS INC", "city": "SKANEATELES", "state": "NY", "zip": "13152-0000", "ntee": "X22", "ruling": "199910", "deductibility": "1", "assets": 0, "income": 0, "revenue": 0}, {"ein": "455464330", "name": "FRIENDS OF STERLING FOREST INC", "city": "TUXEDO", "state": "NY", "zip": "10987-5009", "ntee": "T12", "ruling": "201402", "deductibility": "1", "assets": 0, "income": 0, "revenue": 0}, {"ein": "467199984", "name": "STERLING INS COMPANY FOUNDATION", "city": "ONEONTA", "state": "NY", "zip": "13820-0000", "ntee": "B99", "ruling": "201407", "deductibility": "1", "assets": 1028975, "income": 581635, "revenue": 0}, {"ein": "834104137", "name": "STERLING SPORTS FOUNDATION", "city": "FREEPORT", "state": "NY", "zip": "11520-6249", "ntee": "N11", "ruling": "202003", "deductibility": "1", "assets": 0, "income": 0, "revenue": 0}, {"ein": "853385550", "name": "STERLING WATER STEWARDS", "city": "FAIR HAVEN", "state": "NY", "zip": "13064-0427", "ntee": "C32", "ruling": "202109", "deductibility": "1", "assets": 0, "income": 0, "revenue": 0}, {"ein": "991583553", "name": "STERLING CORNERSTONES FOUNDATION INC", "city": "VALLEY STREAM", "state": "NY", "zip": "11580-2622", "ntee": "X20", "ruling": "202403", "deductibility": "1", "assets": 0, "income": 0, "revenue": 0}], "ASSOCIATIONS": [{"ein": "061584216", "name": "SABINO EVANVELISTIC ASSOCIATIONS", "city": "YONKERS", "state": "NY", "zip": "10705-3664", "ntee": "X20", "ruling": "200106", "deductibility": "1", "assets": 0, "income": 0, "revenue": 0}, {"ein": "113146441", "name": "LONG ISLAND ASSN OF FIREMENS BENEVOLENT ASSOCIATIONS INC", "city": "HICKSVILLE", "state": "NY", "zip": "11802-0433", "ntee": "M60", "ruling": "200906", "deductibility": "2", "assets": 0, "income": 0, "revenue": 0}, {"ein": "113523597", "name": "FEDERATION DES ASSOCIATIONS REGIONALES HAITIENNES A LETRANGER", "city": "BROOKLYN", "state": "NY", "zip": "11236-3319", "ntee": "Q33", "ruling": "201605", "deductibility": "1", "assets": 0, "income": 0, "revenue": 0}, {"ein": "113534178", "name": "CEREBAL PALSY ASSOCIATIONS OF NEW YORK STATE INC", "city": "COHOES", "state": "NY", "zip": "12047-3151", "ntee": "E11", "ruling": "201910", "deductibility": "1", "assets": 1636263, "income": 3054217, "revenue": 3054217}, {"ein": "131623856", "name": "UNITED CEREBRAL PALSY ASSOCIATIONS OF NEW YORK STATE INC", "city": "NEW YORK", "state": "NY", "zip": "10006-1722", "ntee": "G200", "ruling": "196112", "deductibility": "1", "assets": 206890868, "income": 243505346, "revenue": 243505346}, {"ein": "132705867", "name": "WORLD FEDERATION OF UNITED NATIONS ASSOCIATIONS", "city": "NEW YORK", "state": "NY", "zip": "10017-3504", "ntee": "Q420", "ruling": "197302", "deductibility": "1", "assets": 219882, "income": 1232525, "revenue": 1232525}, {"ein": "133209422", "name": "STATEN ISLAND FEDERATION OF PARENT TEACHER ASSOCIATIONS", "city": "STATEN ISLAND", "state": "NY", "zip": "10314-3528", "ntee": "", "ruling": "200704", "deductibility": "1", "assets": 26822, "income": 96657, "revenue": 96657}, {"ein": "133255838", "name": "STATEN ISLAND FEDERATION OF PARENT TEACHER ASSOCIATIONS", "city": "STATEN ISLAND", "state": "NY", "zip": "10301-4542", "ntee": "B94", "ruling": "200608", "deductibility": "1", "assets": 14123, "income": 15471, "revenue": 15471}, {"ein": "133261339", "name": "STATEN ISLAND FEDERATION OF PARENT TEACHER ASSOCIATIONS", "city": "STATEN ISLAND", "state": "NY", "zip": "10306-3153", "ntee": "B94", "ruling": "200704", "deductibility": "1", "assets": 24, "income": 50081, "revenue": 16167}, {"ein": "133295834", "name": "STATEN ISLAND FEDERATION OF PARENT TEACHER ASSOCIATIONS", "city": "STATEN ISLAND", "state": "NY", "zip": "10305-2245", "ntee": "", "ruling": "200704", "deductibility": "1", "assets": 23864, "income": 32887, "revenue": 32887}, {"ein": "133310522", "name": "STATEN ISLAND FEDERATION OF PARENT TEACHER ASSOCIATIONS", "city": "STATEN ISLAND", "state": "NY", "zip": "10308-0000", "ntee": "", "ruling": "200608", "deductibility": "0", "assets": 5092, "income": 145036, "revenue": 75011}, {"ein": "133343943", "name": "STATEN ISLAND FEDERATION OF PARENT TEACHER ASSOCIATIONS", "city": "STATEN ISLAND", "state": "NY", "zip": "10302-0000", "ntee": "", "ruling": "200704", "deductibility": "1", "assets": 0, "income": 0, "revenue": 0}, {"ein": "133588748", "name": "STATEN ISLAND FEDERATION OF PARENT TEACHER ASSOCIATIONS", "city": "STATEN ISLAND", "state": "NY", "zip": "10312-4252", "ntee": "", "ruling": "200704", "deductibility": "1", "assets": 46835, "income": 74915, "revenue": 34112}, {"ein": "133649157", "name": "FEDERATION OF TURKISH AMERICAN ASSOCIATIONS INC", "city": "BRONX", "state": "NY", "zip": "10451-6431", "ntee": "A01", "ruling": "201804", "deductibility": "1", "assets": 25727, "income": 306241, "revenue": 306241}, {"ein": "133703860", "name": "STATEN ISLAND FEDERATION OF PARENT TEACHER ASSOCIATIONS", "city": "STATEN ISLAND", "state": "NY", "zip": "10312-5721", "ntee": "", "ruling": "200704", "deductibility": "1", "assets": 91424, "income": 85673, "revenue": 52816}, {"ein": "133868840", "name": "PATRONAGE OF CHRISTIAN ASSOCIATIONS OF ITALIAN LABORERS U S A INC", "city": "NEW YORK", "state": "NY", "zip": "10014-4423", "ntee": "P84", "ruling": "200703", "deductibility": "1", "assets": 1504523, "income": 731078, "revenue": 0}, {"ein": "134194707", "name": "UNIFORMED FIREFIGHTERS ASSOCIATIONS SCHOLARSHIP FUND INC", "city": "NEW YORK", "state": "NY", "zip": "10010-4628", "ntee": "B82", "ruling": "200209", "deductibility": "1", "assets": 7578328, "income": 3668733, "revenue": 1012358}, {"ein": "136272703", "name": "SENIOR & DEPUTY SHERIFFS ASSOCIATIONS SECURITY BENEFITS FUN", "city": "LONG IS CITY", "state": "NY", "zip": "11101-3050", "ntee": "", "ruling": "196805", "deductibility": "2", "assets": 266702, "income": 210311, "revenue": 210311}, {"ein": "141719969", "name": "COMMUNITY ASSOCIATIONS INSTITUTE", "city": "RHINEBECK", "state": "NY", "zip": "12572-1403", "ntee": "", "ruling": "197905", "deductibility": "2", "assets": 62491, "income": 51641, "revenue": 51641}, {"ein": "146048834", "name": "FUTURE FARMERS OF AMERICA AND ITS STATE ASSOCIATIONS & LOCAL CHAPTER", "city": "CRARYVILLE", "state": "NY", "zip": "12521-5510", "ntee": "O52Z", "ruling": "194501", "deductibility": "1", "assets": 0, "income": 0, "revenue": 0}, {"ein": "161275853", "name": "COALITION OF NORTH EAST ASSOCIATIONS INC", "city": "ROCHESTER", "state": "NY", "zip": "14605-1360", "ntee": "S21Z", "ruling": "198712", "deductibility": "1", "assets": 86973, "income": 140919, "revenue": 140919}, {"ein": "161311844", "name": "COMMUNITY ASSOCIATIONS INSTITUTE", "city": "BUFFALO", "state": "NY", "zip": "14201-0292", "ntee": "", "ruling": "197905", "deductibility": "2", "assets": 123171, "income": 37400, "revenue": 37400}, {"ein": "166067809", "name": "INTERNATIONAL ASSOCIATIONS OF LIONS CLUBS", "city": "GOWANDA", "state": "NY", "zip": "14070-0001", "ntee": "", "ruling": "196603", "deductibility": "2", "assets": 0, "income": 0, "revenue": 0}, {"ein": "223303194", "name": "NEW YORK STATE UNION OF POLICE ASSOCIATIONS INC", "city": "NEWBURGH", "state": "NY", "zip": "12550-0000", "ntee": "", "ruling": "199411", "deductibility": "2", "assets": 3552682, "income": 2364095, "revenue": 1926595}, {"ein": "263123669", "name": "COMMUNITY ASSOCIATIONS INSTITUTE", "city": "COMMACK", "state": "NY", "zip": "11725-0221", "ntee": "", "ruling": "197906", "deductibility": "2", "assets": 71298, "income": 258506, "revenue": 258506}, {"ein": "263518885", "name": "STATEN ISLAND FEDERATION OF PARENT TEACHER ASSOCIATIONS", "city": "STATEN ISLAND", "state": "NY", "zip": "10301-3239", "ntee": "", "ruling": "200704", "deductibility": "1", "assets": 0, "income": 0, "revenue": 0}, {"ein": "263525846", "name": "STATEN ISLAND FEDERATION OF PARENT TEACHER ASSOCIATIONS", "city": "STATEN ISLAND", "state": "NY", "zip": "10314-7869", "ntee": "", "ruling": "200704", "deductibility": "1", "assets": 0, "income": 0, "revenue": 0}, {"ein": "263727109", "name": "NEW YORK STATE FEDERATION OF HIGH SCHOOL ATHLETIC ASSOCIATIONS INC", "city": "AMSTERDAM", "state": "NY", "zip": "12010-6621", "ntee": "N70", "ruling": "201504", "deductibility": "1", "assets": 0, "income": 0, "revenue": 0}, {"ein": "264723407", "name": "COORDINATING COUNCIL OF PARENT ASSOCIATIONS INC", "city": "ROSLYN HTS", "state": "NY", "zip": "11577-1422", "ntee": "B94", "ruling": "201105", "deductibility": "1", "assets": 0, "income": 0, "revenue": 0}, {"ein": "270932122", "name": "CORTLAND-ONONDAGA FEDERATION OF KETTLE LAKE ASSOCIATIONS INC", "city": "TULLY", "state": "NY", "zip": "13159-2101", "ntee": "C32", "ruling": "201001", "deductibility": "1", "assets": 0, "income": 0, "revenue": 0}, {"ein": "320247547", "name": "FEDERATION OF MALAYALEE ASSOCIATIONS OF AMERICAS FOMAA", "city": "BELLEROSE", "state": "NY", "zip": "11426-1737", "ntee": "Q30", "ruling": "200911", "deductibility": "1", "assets": 45762, "income": 79097, "revenue": 79097}, {"ein": "331450765", "name": "FUTURE FARMERS OF AMERICA STATE ASSOCIATIONS AND LOCAL CHAPTERS", "city": "CATO", "state": "NY", "zip": "13033-9742", "ntee": "", "ruling": "194501", "deductibility": "1", "assets": 0, "income": 0, "revenue": 0}, {"ein": "331899385", "name": "FUTURE FARMERS OF AMERICA STATE ASSOCIATIONS & LOCAL CHAPTER", "city": "HUBBARDSVILLE", "state": "NY", "zip": "13355-1219", "ntee": "", "ruling": "194501", "deductibility": "1", "assets": 0, "income": 0, "revenue": 0}, {"ein": "332854186", "name": "FUTURE FARMERS OF AMERICA STATE ASSOCIATIONS & LOCAL CHAPTER", "city": "CAMBRIDGE", "state": "NY", "zip": "12816-1223", "ntee": "O52Z", "ruling": "194501", "deductibility": "1", "assets": 0, "income": 0, "revenue": 0}, {"ein": "352378830", "name": "FUTURE FARMERS OF AMERICA AND ITS STATE ASSOCIATIONS & LOCAL CHAPTER", "city": "LOWVILLE", "state": "NY", "zip": "13367-1353", "ntee": "O52Z", "ruling": "194501", "deductibility": "1", "assets": 0, "income": 0, "revenue": 0}, {"ein": "364945076", "name": "FUTURE FARMERS OF AMERICA STATE ASSOCIATIONS & LOCAL CHAPTER", "city": "GRANVILLE", "state": "NY", "zip": "12832-4720", "ntee": "", "ruling": "194501", "deductibility": "1", "assets": 0, "income": 0, "revenue": 0}, {"ein": "364950141", "name": "FUTURE FARMERS OF AMERICA STATE ASSOCIATIONS & LOCAL CHAPTER", "city": "BERGEN", "state": "NY", "zip": "14416-9743", "ntee": "", "ruling": "194501", "deductibility": "1", "assets": 0, "income": 0, "revenue": 0}, {"ein": "364957181", "name": "FUTURE FARMERS OF AMERICA STATE ASSOCIATIONS & LOCAL CHAPTER", "city": "ELBA", "state": "NY", "zip": "14058-9518", "ntee": "", "ruling": "194501", "deductibility": "1", "assets": 0, "income": 0, "revenue": 0}, {"ein": "371499234", "name": "GREENWICH VILLAGE BLOCK ASSOCIATIONS", "city": "NEW YORK", "state": "NY", "zip": "10014-5701", "ntee": "S22", "ruling": "200610", "deductibility": "1", "assets": 78983, "income": 12745, "revenue": 12745}, {"ein": "371608603", "name": "FUTURE FARMERS OF AMERICA STATE ASSOCIATIONS & LOCAL CHAPTER", "city": "RUSHVILLE", "state": "NY", "zip": "14544-9738", "ntee": "", "ruling": "194501", "deductibility": "1", "assets": 0, "income": 0, "revenue": 0}, {"ein": "371826783", "name": "HARRISON HUSKIES SOCCER ASSOCIATIONS INC", "city": "HARRISON", "state": "NY", "zip": "10528-1602", "ntee": "B25", "ruling": "202404", "deductibility": "1", "assets": 0, "income": 0, "revenue": 0}, {"ein": "372075707", "name": "FUTURE FARMERS OF AMERICA STATE ASSOCIATIONS & LOCAL CHAPTER", "city": "MORAVIA", "state": "NY", "zip": "13118-2310", "ntee": "", "ruling": "194501", "deductibility": "1", "assets": 0, "income": 0, "revenue": 0}, {"ein": "383805443", "name": "STATEN ISLAND FEDERATION OF PARENT TEACHER ASSOCIATIONS", "city": "STATEN ISLAND", "state": "NY", "zip": "10301-4542", "ntee": "B94", "ruling": "200704", "deductibility": "1", "assets": 0, "income": 0, "revenue": 0}, {"ein": "383931155", "name": "FUTURE FARMERS OF AMERICA STATE ASSOCIATIONS & LOCAL CHAPTER", "city": "PRATTSBURGH", "state": "NY", "zip": "14873-9200", "ntee": "", "ruling": "194501", "deductibility": "1", "assets": 0, "income": 0, "revenue": 0}, {"ein": "384027215", "name": "FUTURE FARMERS OF AMERICA AND ITS STATE ASSOCIATIONS & LOCAL CHAPTER", "city": "GALWAY", "state": "NY", "zip": "12074-2423", "ntee": "O52Z", "ruling": "194501", "deductibility": "1", "assets": 0, "income": 0, "revenue": 0}, {"ein": "454612752", "name": "COUNCIL OF CHELSEA BLOCK ASSOCIATIONS", "city": "NEW YORK", "state": "NY", "zip": "10113-1398", "ntee": "T31", "ruling": "202301", "deductibility": "1", "assets": 0, "income": 0, "revenue": 0}, {"ein": "463881721", "name": "BEACH TO BAY CENTRAL COUNCIL OF CIVIC ASSOCIATIONS", "city": "LONG BEACH", "state": "NY", "zip": "11561-0862", "ntee": "S20", "ruling": "201605", "deductibility": "1", "assets": 0, "income": 0, "revenue": 0}, {"ein": "465767876", "name": "FUTURE FARMERS OF AMERICA STATE ASSOCIATIONS & LOCAL CHAPTER", "city": "VERONA", "state": "NY", "zip": "13478-2913", "ntee": "", "ruling": "194501", "deductibility": "1", "assets": 187998, "income": 96456, "revenue": 96456}, {"ein": "470946937", "name": "FEDERATION DES ASSOCIATIONS POUR LE DEVELOPPEMENT DU SUD-EST INC", "city": "BROOKLYN", "state": "NY", "zip": "11218-0400", "ntee": "Q33", "ruling": "201203", "deductibility": "1", "assets": 0, "income": 0, "revenue": 0}, {"ein": "475315549", "name": "STATEN ISLAND FEDERATION OF PARENT TEACHER ASSOCIATIONS", "city": "STATEN ISLAND", "state": "NY", "zip": "10309-2048", "ntee": "B94", "ruling": "200704", "deductibility": "1", "assets": 15771, "income": 113024, "revenue": 43576}, {"ein": "475451859", "name": "NORTH SHORE COORDINATING COUNCIL OF PARENT ASSOCIATIONS INC", "city": "SEA CLIFF", "state": "NY", "zip": "11579-1764", "ntee": "B94", "ruling": "201602", "deductibility": "1", "assets": 0, "income": 0, "revenue": 0}, {"ein": "611867780", "name": "FUTURE FARMERS OF AMERICA AND ITS STATE ASSOCIATIONS & LOCAL CHAPTER", "city": "BERNE", "state": "NY", "zip": "12023-2926", "ntee": "O52Z", "ruling": "194501", "deductibility": "1", "assets": 0, "income": 0, "revenue": 0}, {"ein": "814143788", "name": "TAIWANESE HAKKA ASSOCIATIONS OF AMERICA", "city": "HEMPSTEAD", "state": "NY", "zip": "11550-4919", "ntee": "A23", "ruling": "201805", "deductibility": "1", "assets": 8594, "income": 1700, "revenue": 1700}, {"ein": "814228680", "name": "STATEN ISLAND FEDERATION OF PARENT TEACHER ASSOCIATIONS", "city": "STATEN ISLAND", "state": "NY", "zip": "10302-2229", "ntee": "B94", "ruling": "200704", "deductibility": "1", "assets": 0, "income": 0, "revenue": 0}, {"ein": "814575046", "name": "FUTURE FARMERS OF AMERICA AND ITS STATE ASSOCIATIONS & LOCAL CHAPTER", "city": "OAKFIELD", "state": "NY", "zip": "14125-9702", "ntee": "O52", "ruling": "194501", "deductibility": "1", "assets": 0, "income": 0, "revenue": 0}, {"ein": "821061416", "name": "NEW YORK COUNCIL OF CHINESE-AMERICAN ASSOCIATIONS CORP", "city": "FLUSHING", "state": "NY", "zip": "11354-5415", "ntee": "A20", "ruling": "201712", "deductibility": "1", "assets": 0, "income": 0, "revenue": 0}, {"ein": "823539502", "name": "YEMENI AMERICAN MERCHANTS ASSOCIATIONS INC", "city": "BROOKLYN", "state": "NY", "zip": "11220-5418", "ntee": "B82", "ruling": "201802", "deductibility": "1", "assets": 1338394, "income": 1950525, "revenue": 1366543}, {"ein": "831463109", "name": "FUTURE FARMERS OF AMERICA STATE ASSOCIATIONS & LOCAL CHAPTERS", "city": "PHILADELPHIA", "state": "NY", "zip": "13673-0000", "ntee": "", "ruling": "194501", "deductibility": "1", "assets": 0, "income": 0, "revenue": 0}, {"ein": "831698690", "name": "FUTURE FARMERS OF AMERICA STATE ASSOCIATIONS & LOCAL CHAPTER", "city": "BAINBRIDGE", "state": "NY", "zip": "13733-3368", "ntee": "", "ruling": "194501", "deductibility": "1", "assets": 0, "income": 0, "revenue": 0}, {"ein": "831749125", "name": "FUTURE FARMERS OF AMERICA STATE ASSOCIATIONS & LOCAL CHAPTER", "city": "WARSAW", "state": "NY", "zip": "14569-1415", "ntee": "", "ruling": "194501", "deductibility": "1", "assets": 0, "income": 0, "revenue": 0}, {"ein": "832217974", "name": "FUTURE FARMERS OF AMERICA STATE ASSOCIATIONS & LOCAL CHAPTER", "city": "STRYKERSVILLE", "state": "NY", "zip": "14145-9527", "ntee": "", "ruling": "194501", "deductibility": "1", "assets": 0, "income": 0, "revenue": 0}, {"ein": "832559340", "name": "FUTURE FARMERS OF AMERICA STATE ASSOCIATIONS & LOCAL CHAPTER", "city": "RICHFLD SPGS", "state": "NY", "zip": "13439-2816", "ntee": "", "ruling": "194501", "deductibility": "1", "assets": 24636, "income": 102948, "revenue": 102948}, {"ein": "832789540", "name": "FUTURE FARMERS OF AMERICA STATE ASSOCIATIONS & LOCAL CHAPTERS", "city": "RICHFLD SPGS", "state": "NY", "zip": "13439-2816", "ntee": "", "ruling": "194501", "deductibility": "1", "assets": 0, "income": 0, "revenue": 0}, {"ein": "843023115", "name": "FUTURE FARMERS OF AMERICA STATE ASSOCIATIONS & LOCAL CHAPTERS", "city": "OAKFIELD", "state": "NY", "zip": "14125-1111", "ntee": "", "ruling": "194501", "deductibility": "1", "assets": 0, "income": 0, "revenue": 0}, {"ein": "843243573", "name": "RISE ATHLETICS NY PARENT BOOSTER ASSOCIATIONS INC", "city": "THIELLS", "state": "NY", "zip": "10984-1306", "ntee": "P52", "ruling": "201910", "deductibility": "1", "assets": 0, "income": 0, "revenue": 0}, {"ein": "871253984", "name": "FEDERATION OF CHINESE AMERICAN ASSOCIATIONS USA INC", "city": "WHITESTONE", "state": "NY", "zip": "11357-3097", "ntee": "Q21", "ruling": "202111", "deductibility": "1", "assets": 0, "income": 0, "revenue": 0}, {"ein": "872187521", "name": "FUTURE FARMERS OF AMERICA STATE ASSOCIATIONS AND LOCAL CHAPTER", "city": "WESTERLO", "state": "NY", "zip": "12193-2007", "ntee": "", "ruling": "194501", "deductibility": "1", "assets": 0, "income": 0, "revenue": 0}, {"ein": "880889595", "name": "FUTURE FARMERS OF AMERICA STATE ASSOCIATIONS & LOCAL CHAPTER", "city": "CATO", "state": "NY", "zip": "13033-3384", "ntee": "", "ruling": "194501", "deductibility": "1", "assets": 0, "income": 0, "revenue": 0}, {"ein": "900680493", "name": "STATEN ISLAND FEDERATION OF PARENT TEACHER ASSOCIATIONS", "city": "STATEN ISLAND", "state": "NY", "zip": "10306-5119", "ntee": "B94", "ruling": "200704", "deductibility": "1", "assets": 0, "income": 0, "revenue": 0}, {"ein": "901004788", "name": "FUTURE FARMERS OF AMERICA STATE ASSOCIATIONS & LOCAL CHAPTER", "city": "HAMILTON", "state": "NY", "zip": "13346-1230", "ntee": "", "ruling": "194501", "deductibility": "1", "assets": 0, "income": 0, "revenue": 0}, {"ein": "922553008", "name": "FUTURE FARMERS OF AMERICA STATE ASSOCIATIONS & LOCAL CHAPTER", "city": "SCHUYLERVILLE", "state": "NY", "zip": "12871-1019", "ntee": "", "ruling": "194501", "deductibility": "1", "assets": 0, "income": 0, "revenue": 0}, {"ein": "923764085", "name": "FUTURE FARMERS OF AMERICA STATE ASSOCIATIONS & LOCAL CHAPTER", "city": "LOWVILLE", "state": "NY", "zip": "13367-1353", "ntee": "", "ruling": "194501", "deductibility": "1", "assets": 0, "income": 0, "revenue": 0}, {"ein": "932958250", "name": "SBS ASSOCIATIONS INC", "city": "FOREST HILLS", "state": "NY", "zip": "11375-7208", "ntee": "K02", "ruling": "202309", "deductibility": "1", "assets": 0, "income": 0, "revenue": 0}, {"ein": "933498785", "name": "FUTURE FARMERS OF AMERICA AND ITS STATE ASSOCIATIONS & LOCAL CHAPTER", "city": "UNADILLA", "state": "NY", "zip": "13849-2389", "ntee": "", "ruling": "194501", "deductibility": "1", "assets": 0, "income": 0, "revenue": 0}, {"ein": "954893358", "name": "GUYANESE NURSES ASSOCIATIONS OF AMERICA INC", "city": "BROOKLYN", "state": "NY", "zip": "11203-0262", "ntee": "E129", "ruling": "200401", "deductibility": "1", "assets": 79526, "income": 88027, "revenue": 42270}, {"ein": "991671832", "name": "FUTURE FARMERS OF AMERICA STATE ASSOCIATIONS & LOCAL CHAPTER", "city": "WARNERS", "state": "NY", "zip": "13164-9852", "ntee": "", "ruling": "194501", "deductibility": "0", "assets": 0, "income": 0, "revenue": 0}], "RIZE": [{"ein": "061785306", "name": "YOUNG WOMEN ON THE RIZE", "city": "BRONX", "state": "NY", "zip": "10474-0006", "ntee": "P20", "ruling": "201405", "deductibility": "1", "assets": 0, "income": 0, "revenue": 0}, {"ein": "874292354", "name": "RIZE STUDENT FOUNDATION", "city": "NEW YORK", "state": "NY", "zip": "10012-3222", "ntee": "B82", "ruling": "202204", "deductibility": "1", "assets": 0, "income": 0, "revenue": 0}], "TRAI": [{"ein": "066249802", "name": "LABORERS LOCAL 235 EDUCATION & TRAI NING FUND", "city": "ELMSFORD", "state": "NY", "zip": "10523-2813", "ntee": "", "ruling": "198309", "deductibility": "2", "assets": 762019, "income": 440776, "revenue": 440776}], "LUTHERISCHE": [{"ein": "111666229", "name": "DEUTSCHE EVANGELISCH-LUTHERISCHE ZIONS KIRCHE", "city": "BROOKLYN", "state": "NY", "zip": "11201-2501", "ntee": "", "ruling": "198804", "deductibility": "1", "assets": 0, "income": 0, "revenue": 0}], "CONFECTIONARY": [{"ein": "111839597", "name": "BAKERY CONFECTIONARY & TOBACCO WKRS LOCAL 102 CONS WELFARE FUND & PLAN", "city": "OZONE PARK", "state": "NY", "zip": "11417-1520", "ntee": "", "ruling": "196210", "deductibility": "2", "assets": 14182796, "income": 9954818, "revenue": 9479348}], "ASSIGNED": [{"ein": "112164392", "name": "NASSAU COUNTY BAR ASSN ASSIGNED COUNSEL DEFENDER PLAN INC", "city": "MINEOLA", "state": "NY", "zip": "11501-0000", "ntee": "I80", "ruling": "200703", "deductibility": "1", "assets": 357885, "income": 725067, "revenue": 725067}, {"ein": "161471888", "name": "ONONDAGA COUNTY BAR ASSOCIATION ASSIGNED COUNSEL PROGRAM INC", "city": "SYRACUSE", "state": "NY", "zip": "13202-4740", "ntee": "I80Z", "ruling": "199709", "deductibility": "1", "assets": 2379907, "income": 15509691, "revenue": 15509691}, {"ein": "811205357", "name": "ASSIGNED COUNSEL DEFENDER PLAN OF SUFFOLK COUNTY INC", "city": "CENTRAL ISLIP", "state": "NY", "zip": "11722-0000", "ntee": "I80", "ruling": "201803", "deductibility": "1", "assets": 583023, "income": 2626306, "revenue": 2626306}], "ALCOHOL": [{"ein": "112237060", "name": "ROCKVILLE CENTRE DRUG AND ALCOHOL ABUSE-CONFIDE INC", "city": "ROCKVILLE CTR", "state": "NY", "zip": "11570-4034", "ntee": "F22Z", "ruling": "197712", "deductibility": "1", "assets": 82602, "income": 725985, "revenue": 725985}, {"ein": "113017720", "name": "FAITH MISSION INC ALCOHOL CRISIS CENTER", "city": "S OZONE PARK", "state": "NY", "zip": "11420-2229", "ntee": "", "ruling": "199010", "deductibility": "1", "assets": 0, "income": 0, "revenue": 0}, {"ein": "134047460", "name": "LABOR ASSISTANCE PROGRAM FOR THE PREVENTION OF DRUG AND ALCOHOL ABU", "city": "BRONX", "state": "NY", "zip": "10470-1814", "ntee": "F21", "ruling": "200007", "deductibility": "1", "assets": 28935, "income": 73462, "revenue": 26676}, {"ein": "141626662", "name": "ALCOHOL & SUBSTANCE ABUSE PREVENTION PROJECT INC", "city": "SARATOGA SPRINGS", "state": "NY", "zip": "12866-2307", "ntee": "", "ruling": "198203", "deductibility": "1", "assets": 1384893, "income": 2125669, "revenue": 2125669}, {"ein": "160906024", "name": "ALCOHOL AND DRUG COUNCIL OF TOMPKINS COUNTY INC", "city": "ITHACA", "state": "NY", "zip": "14850-1011", "ntee": "F200", "ruling": "196708", "deductibility": "1", "assets": 12022882, "income": 7783419, "revenue": 7783419}, {"ein": "160967157", "name": "ALCOHOL & SUBSTANCE ABUSE COUNCIL", "city": "WATERTOWN", "state": "NY", "zip": "13601-2770", "ntee": "F21Z", "ruling": "197006", "deductibility": "1", "assets": 1513593, "income": 3774366, "revenue": 3774366}, {"ein": "161007079", "name": "DELPHI DRUG & ALCOHOL COUNCIL INC", "city": "ROCHESTER", "state": "NY", "zip": "14624-2930", "ntee": "F20Z", "ruling": "197411", "deductibility": "1", "assets": 4146434, "income": 5541793, "revenue": 5541793}, {"ein": "161113800", "name": "ALCOHOL AND DRUG ABUSE COUNCIL OF DELAWARE COUNTY INC", "city": "WALTON", "state": "NY", "zip": "13856-1019", "ntee": "F21Z", "ruling": "197905", "deductibility": "1", "assets": 245998, "income": 430396, "revenue": 430396}, {"ein": "161132137", "name": "CONFIDENTIAL HELP FOR ALCOHOL AND DRUG INC", "city": "AUBURN", "state": "NY", "zip": "13021-3644", "ntee": "", "ruling": "198007", "deductibility": "1", "assets": 1438486, "income": 2283263, "revenue": 2283263}, {"ein": "161425062", "name": "WESTERN NEW YORK UNITED AGAINST DRUG & ALCOHOL ABUSE INC", "city": "BUFFALO", "state": "NY", "zip": "14213-1713", "ntee": "", "ruling": "199301", "deductibility": "1", "assets": 374854, "income": 1464839, "revenue": 1464839}, {"ein": "161447637", "name": "WESTERN NEW YORK UNITED AGAINST DRUG ALCOHOL ABUSE FOUNDATION INC", "city": "BUFFALO", "state": "NY", "zip": "14213-1715", "ntee": "", "ruling": "199402", "deductibility": "1", "assets": 700115, "income": 123827, "revenue": 123827}, {"ein": "222452831", "name": "COMMITTEE FOR ALCOHOL AWARENESS", "city": "ORANGEBURG", "state": "NY", "zip": "10962-2525", "ntee": "", "ruling": "198605", "deductibility": "1", "assets": 0, "income": 0, "revenue": 0}, {"ein": "222823721", "name": "SEAWAY VALLEY COUNCIL FOR ALCOHOL SUBSTANCE ABUSE PREVENTION INC", "city": "OGDENSBURG", "state": "NY", "zip": "13669-1426", "ntee": "F20Z", "ruling": "198810", "deductibility": "1", "assets": 3173326, "income": 3487816, "revenue": 3482870}, {"ein": "311710698", "name": "ALCOHOL AND SUBSTANCE ABUSE COUNCIL OF JEFFERSON COUNTY FOUNDATION INC", "city": "WATERTOWN", "state": "NY", "zip": "13601-2770", "ntee": "F122", "ruling": "200007", "deductibility": "1", "assets": 107323, "income": 22715, "revenue": 20792}, {"ein": "921997037", "name": "AKRON-NEWSTEAD DRUG AND ALCOHOL PREVENTION COALITION", "city": "AKRON", "state": "NY", "zip": "14001-9702", "ntee": "F21", "ruling": "202309", "deductibility": "1", "assets": 0, "income": 0, "revenue": 0}, {"ein": "991646441", "name": "NORTHPORT-EAST NORTHPORT COMMUNITY DRUG & ALCOHOL TASK FORCE INC", "city": "NORTHPORT", "state": "NY", "zip": "11768-2270", "ntee": "F21", "ruling": "202405", "deductibility": "1", "assets": 0, "income": 0, "revenue": 0}], "LEE": [{"ein": "112279803", "name": "ROSA LEE YOUNG CHILDHOOD CENTER", "city": "ROCKVILLE CTR", "state": "NY", "zip": "11570-2332", "ntee": "", "ruling": "197308", "deductibility": "1", "assets": 385623, "income": 958454, "revenue": 958088}, {"ein": "113299443", "name": "MYRA LEE AND ALBERT FLEISCHMAN FOUNDATION INC", "city": "BROOKLYN", "state": "NY", "zip": "11229-2611", "ntee": "T20Z", "ruling": "199712", "deductibility": "1", "assets": 1274543, "income": 633834, "revenue": 0}, {"ein": "132919399", "name": "LEE STRASBERG CREATIVE CENTER INC", "city": "NEW YORK", "state": "NY", "zip": "10003-2101", "ntee": "A25", "ruling": "201411", "deductibility": "1", "assets": 0, "income": 0, "revenue": 0}, {"ein": "133789060", "name": "LEE AND CYNTHIA VANCE FOUNDATION", "city": "SARATOGA SPRINGS", "state": "NY", "zip": "10185-0000", "ntee": "", "ruling": "199502", "deductibility": "1", "assets": 6461205, "income": 3824075, "revenue": 0}, {"ein": "134126715", "name": "DEBRAH LEE CHARATAN HOLM FOUNDATION", "city": "NEW YORK", "state": "NY", "zip": "10065-5861", "ntee": "T21", "ruling": "200010", "deductibility": "1", "assets": 151004, "income": 150000, "revenue": 0}, {"ein": "136103339", "name": "THE LEE TOWE MEMORIAL ASSOCIATION INC", "city": "NEW YORK", "state": "NY", "zip": "10013-5148", "ntee": "", "ruling": "199202", "deductibility": "2", "assets": 689129, "income": 20216, "revenue": 20216}, {"ein": "136144809", "name": "LEE & LOUIS KUHN FOUNDATION INC", "city": "NEW YORK", "state": "NY", "zip": "10028-1031", "ntee": "", "ruling": "196403", "deductibility": "1", "assets": 1389394, "income": 143849, "revenue": 0}, {"ein": "137267366", "name": "LEE AND MARVIN TRAUB CHARITABLE FUND TR", "city": "NEW YORK", "state": "NY", "zip": "10021-9801", "ntee": "T22", "ruling": "200203", "deductibility": "1", "assets": 125815, "income": 122477, "revenue": 0}, {"ein": "141748383", "name": "EAGLE-MATT LEE VOLUNTEER FIRE COMPANY", "city": "BALLSTON SPA", "state": "NY", "zip": "12020-0004", "ntee": "M24Z", "ruling": "199304", "deductibility": "1", "assets": 265920, "income": 71834, "revenue": 70599}, {"ein": "141834519", "name": "LEE A ARCHER RED TAIL YOUTH FLYING PROGRAM", "city": "NEW WINDSOR", "state": "NY", "zip": "12553-8488", "ntee": "O50", "ruling": "200110", "deductibility": "1", "assets": 1294785, "income": 906627, "revenue": 906627}, {"ein": "156016948", "name": "CHARLES R LEE UW FBO LODGE 144 FREE & ACCEPTED ORDER OF MASONS", "city": "NORWICH", "state": "NY", "zip": "13815-0000", "ntee": "", "ruling": "000000", "deductibility": "0", "assets": 27816, "income": 3384, "revenue": 0}, {"ein": "160777891", "name": "ANDERSON-LEE LIBRARY INC", "city": "SILVER CREEK", "state": "NY", "zip": "14136-1416", "ntee": "B700", "ruling": "199409", "deductibility": "1", "assets": 432355, "income": 216143, "revenue": 216143}, {"ein": "160954463", "name": "LEE CENTER FIRE DEPARTMENT INC", "city": "LEE CENTER", "state": "NY", "zip": "13363-0194", "ntee": "", "ruling": "196901", "deductibility": "2", "assets": 328077, "income": 150382, "revenue": 85362}, {"ein": "161228224", "name": "GRACE LEE MEMORIAL WESLEYAN CHURCH", "city": "BEAVER DAMS", "state": "NY", "zip": "14812-9386", "ntee": "", "ruling": "197005", "deductibility": "1", "assets": 0, "income": 0, "revenue": 0}, {"ein": "161511903", "name": "PROJECT LEE MINISTRIES INC", "city": "BUFFALO", "state": "NY", "zip": "14205-0392", "ntee": "X99Z", "ruling": "199807", "deductibility": "1", "assets": 0, "income": 179481, "revenue": 179481}, {"ein": "166069657", "name": "LEE-WHEDON MEMORIAL LIBRARY", "city": "MEDINA", "state": "NY", "zip": "14103-1532", "ntee": "B71Z", "ruling": "196609", "deductibility": "1", "assets": 643325, "income": 652233, "revenue": 652233}, {"ein": "166128428", "name": "CHARLES R LEE TRUST FBO LEE MEMORIAL HOSP", "city": "NORWICH", "state": "NY", "zip": "13815-0000", "ntee": "", "ruling": "000000", "deductibility": "0", "assets": 410394, "income": 22552, "revenue": 0}, {"ein": "166503671", "name": "LEE AND YUM FOUNDATION", "city": "VESTAL", "state": "NY", "zip": "13850-2910", "ntee": "T20", "ruling": "200004", "deductibility": "1", "assets": 2687525, "income": 417392, "revenue": 0}, {"ein": "205269657", "name": "JAMES B LEE JR SCHOLARSHIP AND RELIEF FUND IN HONOR OF JOSEPH", "city": "SOUTHAMPTON", "state": "NY", "zip": "11969-1366", "ntee": "B82", "ruling": "200609", "deductibility": "1", "assets": 3701751, "income": 1646659, "revenue": 675266}, {"ein": "205292335", "name": "HEATHER LEE CAMARA MEMORIALSCHOLARSHIP FUND INC", "city": "POUGHKEEPSIE", "state": "NY", "zip": "12603-1019", "ntee": "B122", "ruling": "200802", "deductibility": "1", "assets": 25877, "income": 11334, "revenue": 3779}, {"ein": "205558739", "name": "THE LEE THAW CHARITABLE TRUST", "city": "NEW YORK", "state": "NY", "zip": "10004-0000", "ntee": "T22", "ruling": "200701", "deductibility": "1", "assets": 14196, "income": 90672, "revenue": 0}, {"ein": "205599631", "name": "LEE AND MARIA FRIEDLANDER FAMILYFOUNDATION", "city": "NEW CITY", "state": "NY", "zip": "10956-2315", "ntee": "T20", "ruling": "200612", "deductibility": "1", "assets": 3018254, "income": 2487717, "revenue": 0}, {"ein": "206379095", "name": "LEE J STAHL AND TOBY STAHL-MARANGA CHARITABLE FOUNDATION", "city": "NEW YORK", "state": "NY", "zip": "10028-1948", "ntee": "T22", "ruling": "200511", "deductibility": "1", "assets": 768270, "income": 367679, "revenue": 0}, {"ein": "222169387", "name": "LIBERTY BAPTIST CHURCH C O REV DANIEL LEE WAUGH", "city": "ROCHESTER", "state": "NY", "zip": "14623-5140", "ntee": "", "ruling": "197709", "deductibility": "1", "assets": 0, "income": 0, "revenue": 0}, {"ein": "223267814", "name": "H LEE WHITE MARINE MUSEUM GUILD INC", "city": "OSWEGO", "state": "NY", "zip": "13126-0255", "ntee": "A50", "ruling": "201903", "deductibility": "1", "assets": 914, "income": 120000, "revenue": 120000}, {"ein": "237063834", "name": "ALFRED LEE AND PETER MAYER FOUNDATION", "city": "NEW YORK", "state": "NY", "zip": "10036-0000", "ntee": "", "ruling": "197005", "deductibility": "1", "assets": 1561951, "income": 557721, "revenue": 0}, {"ein": "261248140", "name": "MARY LEE CUSCELA PRIVATE FAMILY FOUNDATION", "city": "YORKTOWN HEIGHTS", "state": "NY", "zip": "10598-0000", "ntee": "T20", "ruling": "200808", "deductibility": "1", "assets": 42876, "income": 29155, "revenue": 0}, {"ein": "262420689", "name": "JOHN AND GAYLE LEE FAMILY FOUNDATION", "city": "TARRYTOWN", "state": "NY", "zip": "10591-0000", "ntee": "T22", "ruling": "201011", "deductibility": "1", "assets": 4464298, "income": 1297919, "revenue": 0}, {"ein": "300259779", "name": "LEE S KREINDLER FOUNDATION INC", "city": "NEW YORK", "state": "NY", "zip": "10017-2629", "ntee": "T22", "ruling": "200408", "deductibility": "1", "assets": 157730, "income": 1238, "revenue": 0}, {"ein": "432051211", "name": "LEE AND JEFFREY FEIL FAMILY FOUNDATION INC", "city": "NEW YORK", "state": "NY", "zip": "10001-3967", "ntee": "T22", "ruling": "200410", "deductibility": "1", "assets": 58691, "income": 100000, "revenue": 0}, {"ein": "453845576", "name": "PATRICK P LEE FOUNDATION INC", "city": "WILLIAMSVILLE", "state": "NY", "zip": "14221-5264", "ntee": "T22", "ruling": "201810", "deductibility": "1", "assets": 41778087, "income": 9094650, "revenue": 0}, {"ein": "456376526", "name": "LEE ANDERSON MEMORIAL FOUNDATION", "city": "NEW YORK", "state": "NY", "zip": "10003-7505", "ntee": "T20", "ruling": "201204", "deductibility": "1", "assets": 1392640, "income": 9542, "revenue": 0}, {"ein": "456688807", "name": "GEORGE LEE TR UW BO METHODIST CHURCH OF HHDS SCHOLARSHIPS FUND", "city": "ELMIRA", "state": "NY", "zip": "14902-1522", "ntee": "", "ruling": "000000", "deductibility": "0", "assets": 17125, "income": 2510, "revenue": 0}, {"ein": "456688819", "name": "GEORGE LEE TR UW BO FIRST METHODIST CHURCH OF HORSEHEADS", "city": "ELMIRA", "state": "NY", "zip": "14902-1522", "ntee": "", "ruling": "000000", "deductibility": "0", "assets": 18207, "income": 2560, "revenue": 0}, {"ein": "456691693", "name": "GEORGE LEE TR UW BO PINE VALLEY METHODIST CHURCH", "city": "ELMIRA", "state": "NY", "zip": "14902-1522", "ntee": "", "ruling": "000000", "deductibility": "0", "assets": 14599, "income": 1669, "revenue": 0}, {"ein": "456691710", "name": "GEORGE LEE TR UW BO NATL DIV BD OF MISSIONS UNITED METH CHURCH", "city": "ELMIRA", "state": "NY", "zip": "14902-1522", "ntee": "", "ruling": "000000", "deductibility": "0", "assets": 11063424, "income": 6478235, "revenue": 0}, {"ein": "456691915", "name": "GEORGE LEE TR UW BO BREESPORT METHODIST CHURCH", "city": "ELMIRA", "state": "NY", "zip": "14902-1522", "ntee": "", "ruling": "000000", "deductibility": "0", "assets": 14707, "income": 1683, "revenue": 0}, {"ein": "456691957", "name": "GEORGE LEE TR UW BO GRACE LEE MEM WESLEYAN CHURCH OF CHAMBERS", "city": "ELMIRA", "state": "NY", "zip": "14902-1522", "ntee": "", "ruling": "000000", "deductibility": "0", "assets": 443001, "income": 231644, "revenue": 0}, {"ein": "456696498", "name": "GEORGE LEE TR UW BO WORLD DIV BD OF MISSIONS UNITED METH CHURCH", "city": "ELMIRA", "state": "NY", "zip": "14902-1522", "ntee": "", "ruling": "000000", "deductibility": "0", "assets": 5490567, "income": 3002630, "revenue": 0}, {"ein": "460666525", "name": "LAUREN AND LEE FIXEL FAMILY FOUNDATION INC", "city": "NEW YORK", "state": "NY", "zip": "10022-3271", "ntee": "T99", "ruling": "201405", "deductibility": "1", "assets": 11448924, "income": 16631746, "revenue": 0}, {"ein": "460910635", "name": "BERWIN LEE LONDON NEW YORK PLAYWRIGHTS", "city": "NEW YORK", "state": "NY", "zip": "10022-2949", "ntee": "A20", "ruling": "201403", "deductibility": "1", "assets": 17850, "income": 3500, "revenue": 3500}, {"ein": "461884228", "name": "ARTHUR LEE PRIVATE FOUNDATION CHARITABLE TRUST", "city": "BROOKHAVEN", "state": "NY", "zip": "11719-9309", "ntee": "T23", "ruling": "201411", "deductibility": "1", "assets": 4497, "income": 1, "revenue": 0}, {"ein": "464950795", "name": "LEE STRASBERG INTERNATIONAL CREATIVE CENTER INC", "city": "NEW YORK", "state": "NY", "zip": "10003-2101", "ntee": "A65", "ruling": "201409", "deductibility": "1", "assets": 0, "income": 0, "revenue": 0}, {"ein": "472335621", "name": "H LEE WHITE MARITIME MUSEUM AT OSWEGO", "city": "OSWEGO", "state": "NY", "zip": "13126-0000", "ntee": "A50", "ruling": "201503", "deductibility": "1", "assets": 475122, "income": 283771, "revenue": 283771}, {"ein": "476391735", "name": "MIMI AND PAUL LEE FOUNDATION", "city": "BROOKLYN", "state": "NY", "zip": "11201-4579", "ntee": "T22", "ruling": "201502", "deductibility": "1", "assets": 502921, "income": 96733, "revenue": 0}, {"ein": "526241066", "name": "VIRGINIA LEE FRANKLIN MEMORIAL TRUST", "city": "AMHERST", "state": "NY", "zip": "14228-2307", "ntee": "", "ruling": "198410", "deductibility": "1", "assets": 422739, "income": 137795, "revenue": 0}, {"ein": "527086693", "name": "LORETTA LEE VER VALEN ENDOWMENT FUND FOR LEADING OPERATIC ARTISTS", "city": "BUFFALO", "state": "NY", "zip": "14240-1504", "ntee": "A11", "ruling": "200202", "deductibility": "1", "assets": 622873, "income": 228338, "revenue": 0}, {"ein": "562653270", "name": "THE LEE AND AIDAN MCMAHON FOUNDATION INC", "city": "COMMACK", "state": "NY", "zip": "11725-1931", "ntee": "G12", "ruling": "201609", "deductibility": "1", "assets": 1326, "income": 40764, "revenue": 40764}, {"ein": "812073794", "name": "LEE GOODWIN HOUSING DEVELOPMENT FUND CORPORATION", "city": "NEW YORK", "state": "NY", "zip": "10010-6033", "ntee": "L20", "ruling": "201608", "deductibility": "2", "assets": 8885, "income": 159042, "revenue": 159042}, {"ein": "812340381", "name": "BEAUTY AT THE SURFACE IN HONOR OF CAROL LEE CEPHAS INC", "city": "BROOKLYN", "state": "NY", "zip": "11238-8201", "ntee": "", "ruling": "201604", "deductibility": "1", "assets": 0, "income": 0, "revenue": 0}, {"ein": "813442052", "name": "JIMMY LEE SCHOLARSHIP FUND", "city": "PURCHASE", "state": "NY", "zip": "10577-0229", "ntee": "B82", "ruling": "201610", "deductibility": "1", "assets": 70194, "income": 62117, "revenue": 62117}, {"ein": "814962342", "name": "SIMPKINS LEE FOUNDATION", "city": "ALBANY", "state": "NY", "zip": "12212-5201", "ntee": "T20", "ruling": "201712", "deductibility": "1", "assets": 3103383, "income": 1051758, "revenue": 0}, {"ein": "820800627", "name": "KEVIN LEE GLOBAL MINISTRIES INC", "city": "WALLKILL", "state": "NY", "zip": "12589-4618", "ntee": "", "ruling": "199112", "deductibility": "1", "assets": 0, "income": 0, "revenue": 0}, {"ein": "832013508", "name": "KAYLEE KEUMSOON LEE SCHOLARSHIP FOUNDATION INC", "city": "NEW YORK", "state": "NY", "zip": "10019-6698", "ntee": "T20", "ruling": "201908", "deductibility": "1", "assets": 490865, "income": 19302, "revenue": 0}, {"ein": "873604807", "name": "SUE-JE LEE GAGE RESIDENCY FOR SOCIAL JUSTICE AND HUMAN RIGHTS", "city": "ITHACA", "state": "NY", "zip": "14850-0000", "ntee": "R05", "ruling": "202207", "deductibility": "1", "assets": 47833, "income": 38130, "revenue": 38130}, {"ein": "883698989", "name": "BRITTANY LEE JONES MEMORIAL FUND", "city": "BLOSSVALE", "state": "NY", "zip": "13308-1840", "ntee": "N12", "ruling": "202403", "deductibility": "1", "assets": 11338, "income": 4103, "revenue": 0}, {"ein": "993931105", "name": "JARED LEE DIEHL MEMORIAL SCHOLARSHIP FUND INC", "city": "ELBA", "state": "NY", "zip": "14058-9510", "ntee": "T12", "ruling": "202407", "deductibility": "1", "assets": 0, "income": 0, "revenue": 0}], "JEFFRIES": [{"ein": "112305419", "name": "BROWNSVILLE HOUSING DEVELOPMENT FUND CORP C O JOSEPH JEFFRIES", "city": "BROOKLYN", "state": "NY", "zip": "11208-6419", "ntee": "", "ruling": "197711", "deductibility": "2", "assets": 0, "income": 0, "revenue": 0}, {"ein": "133474445", "name": "ESSIE JEFFRIES APARTMENT HOUSING DEVELOPMENT FUND CORPORATION", "city": "NEW YORK", "state": "NY", "zip": "10032-6912", "ntee": "L21", "ruling": "201810", "deductibility": "2", "assets": 12851858, "income": 1110723, "revenue": 1110723}, {"ein": "953594410", "name": "JEFFRIES FAMILY SCHOLARSHIP", "city": "NEW YORK", "state": "NY", "zip": "10022-4213", "ntee": "", "ruling": "198507", "deductibility": "1", "assets": 12435974, "income": 3548194, "revenue": 326715}], "LEZADIK": [{"ein": "112311129", "name": "CONGREGATION ZVI LEZADIK", "city": "BROOKLYN", "state": "NY", "zip": "11219-4647", "ntee": "", "ruling": "198005", "deductibility": "1", "assets": 0, "income": 0, "revenue": 0}, {"ein": "112725673", "name": "YESHIVA ZVI LEZADIK BLUZEV", "city": "BROOKLYN", "state": "NY", "zip": "11219-4647", "ntee": "", "ruling": "198504", "deductibility": "1", "assets": 0, "income": 0, "revenue": 0}, {"ein": "851010867", "name": "CONG ZVI LEZADIK BLUZEV", "city": "BROOKLYN", "state": "NY", "zip": "11219-3316", "ntee": "X30", "ruling": "202010", "deductibility": "1", "assets": 0, "income": 0, "revenue": 0}], "PROVIDERS": [{"ein": "112431913", "name": "NEW YORK STATE ASSOCIATION OF HEALTH CARE PROVIDERS INC", "city": "ALBANY", "state": "NY", "zip": "12211-2396", "ntee": "S41", "ruling": "197805", "deductibility": "2", "assets": 801334, "income": 962195, "revenue": 962195}, {"ein": "112700062", "name": "MENTAL HEALTH PROVIDERS OF WESTERN QUEENS INC", "city": "WOODSIDE", "state": "NY", "zip": "11377-5098", "ntee": "F32Z", "ruling": "198809", "deductibility": "1", "assets": 27422120, "income": 14050371, "revenue": 13751209}, {"ein": "113184052", "name": "ENTRENET THE PROGRESSIVE PROVIDERS CHILD CARE NETWORK INC", "city": "CORONA", "state": "NY", "zip": "11368-0000", "ntee": "P33I", "ruling": "199403", "deductibility": "1", "assets": 0, "income": 0, "revenue": 0}, {"ein": "141793172", "name": "NEW YORK STATE ASSOC OF ALCOHOLISM & SUBSTANCE ABUSE PROVIDERS", "city": "ALBANY", "state": "NY", "zip": "12210-2314", "ntee": "", "ruling": "199807", "deductibility": "0", "assets": 236892, "income": 371247, "revenue": 371247}, {"ein": "161525248", "name": "MOHAWK VALLEY CHAPTER OF NY STATE ASSOC OF HEALTH CARE PROVIDERS INC", "city": "NEW HARTFORD", "state": "NY", "zip": "13413-2337", "ntee": "S41", "ruling": "200012", "deductibility": "2", "assets": 0, "income": 0, "revenue": 0}, {"ein": "204052059", "name": "THE COALITION OF ARTS PROVIDERS FOR CHILDREN INC", "city": "WILLIAMSVILLE", "state": "NY", "zip": "14221-5854", "ntee": "A20", "ruling": "200606", "deductibility": "1", "assets": 0, "income": 0, "revenue": 0}, {"ein": "222978292", "name": "NEW YORK STATE ASSOCIATION OF DAY TREATMENT PROVIDERS INCORPORATED", "city": "HAWTHORNE", "state": "NY", "zip": "10532-0000", "ntee": "", "ruling": "199002", "deductibility": "1", "assets": 89471, "income": 82037, "revenue": 82037}, {"ein": "273470127", "name": "KOREAN AMERICAN HUMAN SERVICE PROVIDERS ASSOCIATION INC", "city": "FLUSHING", "state": "NY", "zip": "11354-4925", "ntee": "P19", "ruling": "201401", "deductibility": "1", "assets": 0, "income": 0, "revenue": 0}, {"ein": "275459970", "name": "BROOKLYN HOSPITAL WOMENS HEALTHCARE MEDICAL PROVIDERS PC", "city": "BROOKLYN", "state": "NY", "zip": "11201-0000", "ntee": "E300", "ruling": "201403", "deductibility": "1", "assets": 1, "income": 0, "revenue": 0}, {"ein": "326144035", "name": "UNITED FEDERATION OF TEACHERS CHILD CARE PROVIDERS HEALTH BENEFITS F", "city": "NEW YORK", "state": "NY", "zip": "10004-1603", "ntee": "Y43", "ruling": "201301", "deductibility": "2", "assets": 11082, "income": 1053000, "revenue": 1053000}, {"ein": "333437031", "name": "SPECIALIZED PROVIDERS NETWORK INC", "city": "ROCHESTER", "state": "NY", "zip": "14625-1910", "ntee": "F30", "ruling": "202502", "deductibility": "1", "assets": 0, "income": 0, "revenue": 0}, {"ein": "356888817", "name": "UNITED FEDERATION OF TEACHERS CHILD CARE PROVIDERS PROFESSIONAL DEVE", "city": "NEW YORK", "state": "NY", "zip": "10004-1603", "ntee": "Y43", "ruling": "201507", "deductibility": "2", "assets": 0, "income": 0, "revenue": 0}, {"ein": "412195979", "name": "NEW YORK ASSOCIATION OF EMERGING & MULTICULTURAL PROVIDERS INC", "city": "BRONX", "state": "NY", "zip": "10454-3705", "ntee": "P02", "ruling": "200712", "deductibility": "1", "assets": 65399, "income": 95877, "revenue": 95877}, {"ein": "452372110", "name": "NEW YORK PROVIDERS ALLIANCE", "city": "WEBSTER", "state": "NY", "zip": "14580-2926", "ntee": "S41", "ruling": "201109", "deductibility": "2", "assets": 24824, "income": 126200, "revenue": 126200}, {"ein": "453027739", "name": "ALLIANCE OF TBI & NHTD WAIVER PROVIDERS INC", "city": "ALBANY", "state": "NY", "zip": "12207-0000", "ntee": "S41", "ruling": "201211", "deductibility": "2", "assets": 56878, "income": 260770, "revenue": 260770}, {"ein": "472210459", "name": "SOCIETY OF NORTH AMERICAN REFUGEE HEALTHCARE PROVIDERS", "city": "ROCHESTER", "state": "NY", "zip": "14606-3660", "ntee": "B03", "ruling": "201505", "deductibility": "1", "assets": 386374, "income": 1255451, "revenue": 1255451}, {"ein": "472528627", "name": "SOMOS HEALTHCARE PROVIDERS INC", "city": "BRONX", "state": "NY", "zip": "10463-7104", "ntee": "E70", "ruling": "201705", "deductibility": "1", "assets": 59772836, "income": 20743479, "revenue": 20550130}, {"ein": "542128986", "name": "CAPITAL REGION INDEPENDENT SERVICE PROVIDERS INC", "city": "LATHAM", "state": "NY", "zip": "12110-5612", "ntee": "S41", "ruling": "201204", "deductibility": "2", "assets": 0, "income": 0, "revenue": 0}, {"ein": "812197772", "name": "CSEA CHILD CARE PROVIDERS TRUST FUND", "city": "LATHAM", "state": "NY", "zip": "12110-2313", "ntee": "J40", "ruling": "201709", "deductibility": "2", "assets": 355019, "income": 2505221, "revenue": 2505221}, {"ein": "922348739", "name": "KIDS PROGRAM PROVIDERS INC", "city": "BROOKLYN", "state": "NY", "zip": "11221-1136", "ntee": "B90", "ruling": "202303", "deductibility": "1", "assets": 0, "income": 0, "revenue": 0}, {"ein": "992482816", "name": "DUMAS RISE PROVIDERS INC", "city": "BUFFALO", "state": "NY", "zip": "14225-8880", "ntee": "F30", "ruling": "202405", "deductibility": "1", "assets": 1294, "income": 11461, "revenue": 11461}], "FLOOR": [{"ein": "112494799", "name": "GREATER NEW YORK FLOOR COVERERS IND", "city": "COMMACK", "state": "NY", "zip": "11725-2810", "ntee": "", "ruling": "197907", "deductibility": "2", "assets": 319638, "income": 211563, "revenue": 211563}, {"ein": "132901371", "name": "ALLIANCE OF FLOOR BROKERS INC", "city": "NEW YORK", "state": "NY", "zip": "10005-1905", "ntee": "", "ruling": "198112", "deductibility": "2", "assets": 0, "income": 0, "revenue": 0}, {"ein": "133376279", "name": "NATIONAL ALLIANCE OF BREAST CANCER ORGANIZATIONS INC 2ND FLOOR", "city": "NEW YORK", "state": "NY", "zip": "10121-0000", "ntee": "G30Z", "ruling": "198702", "deductibility": "1", "assets": 0, "income": 0, "revenue": 0}, {"ein": "133833077", "name": "FIFTH FLOOR FOUNDTION", "city": "POUGHKEEPSIE", "state": "NY", "zip": "12601-0999", "ntee": "T20J", "ruling": "199512", "deductibility": "1", "assets": 409, "income": 1670, "revenue": 0}, {"ein": "133858706", "name": "FLOOR MEMBERS OUTREACH PROGRAM INC", "city": "NEW YORK", "state": "NY", "zip": "10005-1309", "ntee": "F20", "ruling": "199603", "deductibility": "1", "assets": 0, "income": 0, "revenue": 0}, {"ein": "223735903", "name": "THRESHING FLOOR CHRISTIAN CENTER", "city": "WAPPINGERS FL", "state": "NY", "zip": "12590-0059", "ntee": "", "ruling": "196402", "deductibility": "1", "assets": 0, "income": 0, "revenue": 0}, {"ein": "237418003", "name": "GREATER METROPOLITAN NEW YORK RESILIENT FLOOR COVERERS ASSOCIATI", "city": "COMMACK", "state": "NY", "zip": "11725-2810", "ntee": "", "ruling": "197412", "deductibility": "2", "assets": 131606, "income": 30150, "revenue": 30150}, {"ein": "334185496", "name": "NYC GUM FLOOR CORP", "city": "NEW YORK", "state": "NY", "zip": "10002-6956", "ntee": "C12", "ruling": "202506", "deductibility": "1", "assets": 0, "income": 0, "revenue": 0}, {"ein": "582673976", "name": "RESILIENT FLOOR COVERERS UNION NO 2287 SCHOLARSHIP FUND", "city": "STATEN ISLAND", "state": "NY", "zip": "10314-3428", "ntee": "B82", "ruling": "200808", "deductibility": "1", "assets": 212487, "income": 75560, "revenue": 75560}, {"ein": "820612654", "name": "5TH FLOOR THEATRE COMPANY", "city": "NEW YORK", "state": "NY", "zip": "10011-2696", "ntee": "A65", "ruling": "201707", "deductibility": "1", "assets": 0, "income": 0, "revenue": 0}, {"ein": "854224748", "name": "13TH FLOOR ANIMAL RESCUE INC", "city": "NEW YORK", "state": "NY", "zip": "10014-3708", "ntee": "D99", "ruling": "202312", "deductibility": "1", "assets": 0, "income": 0, "revenue": 0}, {"ein": "883340208", "name": "GROUND FLOOR SQUARE CLUB INC", "city": "BROOKLYN", "state": "NY", "zip": "11207-8903", "ntee": "W01", "ruling": "202208", "deductibility": "1", "assets": 0, "income": 0, "revenue": 0}, {"ein": "994708244", "name": "TOP FLOOR NYC INC", "city": "NEW YORK", "state": "NY", "zip": "10003-1502", "ntee": "W12", "ruling": "202502", "deductibility": "1", "assets": 0, "income": 0, "revenue": 0}], "VAIL": [{"ein": "112569184", "name": "COUNCIL FOR THE VAIL-LEAVITT MUSIC HALL INC", "city": "RIVERHEAD", "state": "NY", "zip": "11901-0105", "ntee": "", "ruling": "198108", "deductibility": "1", "assets": 0, "income": 0, "revenue": 0}, {"ein": "146087094", "name": "EMILY VAIL EDUCATIONAL TRUST", "city": "MIDDLETOWN", "state": "NY", "zip": "10940-0790", "ntee": "", "ruling": "197904", "deductibility": "1", "assets": 563796, "income": 37494, "revenue": 17604}], "MATHEMATICS": [{"ein": "112713999", "name": "NASSAU COUNTY ASSOCIATION OF MATHEMATICS SUPERVISORS INC", "city": "OCEANSIDE", "state": "NY", "zip": "11572-4430", "ntee": "", "ruling": "198504", "deductibility": "1", "assets": 0, "income": 0, "revenue": 0}, {"ein": "113064746", "name": "LONG ISLAND MATHEMATICS CONFERENCE BOARD INC", "city": "OLD WESTBURY", "state": "NY", "zip": "11568-0210", "ntee": "B03", "ruling": "202012", "deductibility": "1", "assets": 30336, "income": 42434, "revenue": 30452}, {"ein": "133511639", "name": "NEW YORK STATE MATHEMATICS LEAGUE INC", "city": "COMMACK", "state": "NY", "zip": "11725-2322", "ntee": "B90", "ruling": "202402", "deductibility": "1", "assets": 0, "income": 0, "revenue": 0}, {"ein": "133511640", "name": "AMERICAN REGIONS MATHEMATICS LEAGUE INC", "city": "NEW YORK", "state": "NY", "zip": "10024-4530", "ntee": "", "ruling": "199405", "deductibility": "1", "assets": 172928, "income": 355005, "revenue": 353201}, {"ein": "136176002", "name": "ASSOCIATION OF TEACHERS OF MATHEMATICS OF NEW YORK CITY", "city": "BALDWIN", "state": "NY", "zip": "11510-5153", "ntee": "B01", "ruling": "201909", "deductibility": "1", "assets": 1, "income": 5323, "revenue": 0}, {"ein": "146029924", "name": "ASSOCIATION OF MATHEMATICS TEACHERS OF NEW YORK STATE", "city": "LONG LAKE", "state": "NY", "zip": "12847-1119", "ntee": "", "ruling": "195803", "deductibility": "1", "assets": 306911, "income": 137242, "revenue": 137242}, {"ein": "271450809", "name": "NATIONAL MUSEUM OF MATHEMATICS", "city": "NEW YORK", "state": "NY", "zip": "10001-7103", "ntee": "A50", "ruling": "201002", "deductibility": "1", "assets": 55783461, "income": 79022683, "revenue": 27013034}, {"ein": "461906423", "name": "NASSAU COUNTY INTERSCHOLASTIC MATHEMATICS LEAGUE", "city": "EAST SETAUKET", "state": "NY", "zip": "11733-0438", "ntee": "T23", "ruling": "202307", "deductibility": "1", "assets": 40236, "income": 49690, "revenue": 0}, {"ein": "464498363", "name": "COLLEGIATE ACADEMY FOR MATHEMATICS AND PERSONAL AWARENESS", "city": "BROOKLYN", "state": "NY", "zip": "11207-7000", "ntee": "B29", "ruling": "201711", "deductibility": "1", "assets": 423818, "income": 2606601, "revenue": 2606601}, {"ein": "470917167", "name": "NASSAU COUNTY MATHEMATICS TEACHERS ASSOCIATION", "city": "EAST MEADOW", "state": "NY", "zip": "11554-4051", "ntee": "B94", "ruling": "201405", "deductibility": "1", "assets": 0, "income": 0, "revenue": 0}, {"ein": "473484166", "name": "HUDSON-MOHAWK VALLEY AREA MATHEMATICS ASSOCIATION INC", "city": "SCHENECTADY", "state": "NY", "zip": "12303-4109", "ntee": "B90", "ruling": "201506", "deductibility": "1", "assets": 34544, "income": 6074, "revenue": 6074}, {"ein": "920386234", "name": "WESTCHESTER AREA MATHEMATICS CIRCLE INC", "city": "ARMONK", "state": "NY", "zip": "10504-2030", "ntee": "B90", "ruling": "202212", "deductibility": "1", "assets": 0, "income": 0, "revenue": 0}, {"ein": "933201766", "name": "HUDSON SCHOOL OF MATHEMATICS CORP", "city": "NEW YORK", "state": "NY", "zip": "10001-7604", "ntee": "U34", "ruling": "202405", "deductibility": "1", "assets": 0, "income": 0, "revenue": 0}], "SHIVOM": [{"ein": "112974176", "name": "SWAMI SHIVOM TIRTH ASHRAM INC", "city": "POND EDDY", "state": "NY", "zip": "12770-0000", "ntee": "", "ruling": "199005", "deductibility": "1", "assets": 0, "income": 0, "revenue": 0}], "AVERICHEM": [{"ein": "113066527", "name": "UNZER TALMUD AVERICHEM", "city": "MONROE", "state": "NY", "zip": "10949-0126", "ntee": "", "ruling": "199109", "deductibility": "1", "assets": 0, "income": 0, "revenue": 0}], "TERRY": [{"ein": "113077056", "name": "TERRY SKIPPER MINISTRIES INC", "city": "HEMPSTEAD", "state": "NY", "zip": "11550-7513", "ntee": "", "ruling": "199208", "deductibility": "1", "assets": 0, "income": 0, "revenue": 0}, {"ein": "133641606", "name": "THE ELROY AND TERRY KRUNHOLZ FOUNDATION INC", "city": "NEW YORK", "state": "NY", "zip": "10018-0000", "ntee": "", "ruling": "199206", "deductibility": "1", "assets": 1654428, "income": 1013622, "revenue": 0}, {"ein": "471770920", "name": "TERRY JEAN POLLARD MUSIC FOUNDATION", "city": "BROOKLYN", "state": "NY", "zip": "11221-1928", "ntee": "A68", "ruling": "201504", "deductibility": "1", "assets": 1, "income": 261, "revenue": 261}, {"ein": "522403018", "name": "AMELIA D TERRY SCHOLARSHIP FOUNDATION INC", "city": "ROOSEVELT", "state": "NY", "zip": "11575-1533", "ntee": "B82", "ruling": "201906", "deductibility": "1", "assets": 35798, "income": 4940, "revenue": 0}, {"ein": "562512213", "name": "THE TERRY FARRELL FIREFIGHTERS SCHOLARSHIP FUND INC", "city": "BETHPAGE", "state": "NY", "zip": "11714-3631", "ntee": "B82", "ruling": "200602", "deductibility": "1", "assets": 140457, "income": 131607, "revenue": 103803}, {"ein": "656427167", "name": "TERRY FAM TALENT FOUNDATION", "city": "BROCKPORT", "state": "NY", "zip": "14420-1236", "ntee": "T12", "ruling": "200407", "deductibility": "1", "assets": 633298, "income": 22846, "revenue": 0}, {"ein": "934562223", "name": "THOMAS F TERRY III FOUNDATION INC", "city": "HONEOYE FALLS", "state": "NY", "zip": "14472-0232", "ntee": "T21", "ruling": "202403", "deductibility": "1", "assets": 150000, "income": 150008, "revenue": 0}], "LANDINGS": [{"ein": "113086060", "name": "EASTHAMPTON LANDINGS HOMEOWNERS ASSOCIATION INC", "city": "EAST HAMPTON", "state": "NY", "zip": "11937-0395", "ntee": "L50", "ruling": "200002", "deductibility": "2", "assets": 0, "income": 0, "revenue": 0}], "HOUSEING": [{"ein": "113099585", "name": "811 LEXINGTON HOUSEING DEVELOPMENT FUND CORP", "city": "BROOKLYN", "state": "NY", "zip": "11238-3386", "ntee": "", "ruling": "199207", "deductibility": "1", "assets": 0, "income": 0, "revenue": 0}], "DIA": [{"ein": "113170671", "name": "IGLESIA DE DIOS SEPTIMO DIA HISPANA DE NUEVA YORK", "city": "CORONA", "state": "NY", "zip": "11368-2327", "ntee": "X20Z", "ruling": "199711", "deductibility": "1", "assets": 0, "income": 0, "revenue": 0}, {"ein": "203203512", "name": "IGLESIA DEL SEPTIMO DIA SANTUARIO DE ORACION INC", "city": "BRONX", "state": "NY", "zip": "10462-0172", "ntee": "X20", "ruling": "201408", "deductibility": "1", "assets": 0, "income": 0, "revenue": 0}, {"ein": "237397946", "name": "DIA CENTER FOR THE ARTS INC", "city": "NEW YORK", "state": "NY", "zip": "10011-1119", "ntee": "A200", "ruling": "197409", "deductibility": "1", "assets": 256654131, "income": 64885335, "revenue": 42835395}, {"ein": "922227916", "name": "MANANA OTRO DIA LTD", "city": "NEW YORK", "state": "NY", "zip": "10023-4435", "ntee": "P20", "ruling": "202312", "deductibility": "1", "assets": 0, "income": 0, "revenue": 0}], "NICIONES": [{"ein": "113176003", "name": "MINISTERIO BENDICION PARA PODAS LAS NICIONES INC", "city": "BRONX", "state": "NY", "zip": "10463-0021", "ntee": "X20Z", "ruling": "199605", "deductibility": "1", "assets": 0, "income": 0, "revenue": 0}], "ANI": [{"ein": "113211700", "name": "CONGREGATION ANI MAAMIN", "city": "BROOKLYN", "state": "NY", "zip": "11203-1601", "ntee": "", "ruling": "199409", "deductibility": "1", "assets": 0, "income": 0, "revenue": 0}, {"ein": "832509394", "name": "ANI LEDODI INC", "city": "BROOKLYN", "state": "NY", "zip": "11210-3029", "ntee": "P20", "ruling": "202001", "deductibility": "1", "assets": 3092, "income": 1873708, "revenue": 1873708}, {"ein": "851402257", "name": "ANI LEDODI HELPLINE", "city": "LAWRENCE", "state": "NY", "zip": "11559-1331", "ntee": "F12", "ruling": "202008", "deductibility": "1", "assets": 59589, "income": 25151, "revenue": 25151}, {"ein": "933646215", "name": "ANI CHARITY FOUNDATION INC", "city": "BAY SHORE", "state": "NY", "zip": "11706-2425", "ntee": "O55", "ruling": "202311", "deductibility": "1", "assets": 0, "income": 0, "revenue": 0}], "CHUNBUKYO": [{"ein": "113232812", "name": "CHUNBUKYO CHURCH OF NEW YORK INC", "city": "WOODSIDE", "state": "NY", "zip": "11377-2525", "ntee": "", "ruling": "199412", "deductibility": "1", "assets": 0, "income": 0, "revenue": 0}], "IMPROVED": [{"ein": "113273450", "name": "IMPROVED BENEVOLENT & PROTECTIVE ORDER OF ELKS OF THE WORLD", "city": "JAMAICA", "state": "NY", "zip": "11434-2335", "ntee": "", "ruling": "194203", "deductibility": "0", "assets": 0, "income": 0, "revenue": 0}, {"ein": "133154459", "name": "URBAN ROOTS BUILDING & IMPROVED SOCIETY", "city": "BRONX", "state": "NY", "zip": "10469-3110", "ntee": "", "ruling": "201110", "deductibility": "1", "assets": 0, "income": 0, "revenue": 0}, {"ein": "141581179", "name": "IMPROVED BENEVOLENT & PROTECTIVE ORDER OF ELKS OF THE WORLD", "city": "GLOVERSVILLE", "state": "NY", "zip": "12078-3312", "ntee": "", "ruling": "197301", "deductibility": "1", "assets": 0, "income": 0, "revenue": 0}, {"ein": "160491657", "name": "GREAT COUNCIL OF THE IMPROVED ORDER OF RED MEN OF THE STATE OF NEW", "city": "ROCHESTER", "state": "NY", "zip": "14622-1358", "ntee": "", "ruling": "201608", "deductibility": "1", "assets": 0, "income": 0, "revenue": 0}, {"ein": "237364237", "name": "IMPROVED BENEVOLENT & PROTECTIVE ORDER OF ELKS OF THE WORLD", "city": "BROOKLYN", "state": "NY", "zip": "11238-3905", "ntee": "", "ruling": "194203", "deductibility": "2", "assets": 0, "income": 0, "revenue": 0}, {"ein": "260344577", "name": "JOSEPH P DURSO FOUNDATION FOR IMPROVED COMMUNICATION IN MEDICINE", "city": "WANTAGH", "state": "NY", "zip": "11793-2859", "ntee": "E19", "ruling": "200709", "deductibility": "1", "assets": 0, "income": 0, "revenue": 0}, {"ein": "510141999", "name": "IMPROVED BENEVOLENT & PROTECTIVE ORDER OF ELKS OF THE WORLD", "city": "ITHACA", "state": "NY", "zip": "14850-5252", "ntee": "", "ruling": "194203", "deductibility": "1", "assets": 0, "income": 0, "revenue": 0}, {"ein": "510169058", "name": "IMPROVED BENEVOLENT & PROTECTIVE ORDER OF ELKS OF THE WORLD", "city": "GLOVERSVILLE", "state": "NY", "zip": "12078-4039", "ntee": "", "ruling": "194203", "deductibility": "1", "assets": 0, "income": 0, "revenue": 0}, {"ein": "510210886", "name": "IMPROVED BENEVOLENT & PROTECTIVE ORDER OF ELKS OF THE WORLD", "city": "WHITE PLAINS", "state": "NY", "zip": "10602-1688", "ntee": "", "ruling": "194203", "deductibility": "1", "assets": 0, "income": 0, "revenue": 0}, {"ein": "510212064", "name": "IMPROVED BENEVOLENT & PROTECTIVE ORDEROF ELKS OF THE WORLD", "city": "WHITE PLAINS", "state": "NY", "zip": "10603-3442", "ntee": "", "ruling": "194203", "deductibility": "1", "assets": 0, "income": 0, "revenue": 0}], "HURABIM": [{"ein": "113365895", "name": "MATZDIKI HURABIM BETZDUKA VCHESED", "city": "BROOKLYN", "state": "NY", "zip": "11223-2328", "ntee": "X30Z", "ruling": "199709", "deductibility": "1", "assets": 0, "income": 0, "revenue": 0}, {"ein": "113386984", "name": "KEREN MATZDIKI HURABIM", "city": "BROOKLYN", "state": "NY", "zip": "11223-2328", "ntee": "X30Z", "ruling": "199710", "deductibility": "1", "assets": 0, "income": 0, "revenue": 0}, {"ein": "991557679", "name": "MATZIDKY HURABIM SATMAR KJ", "city": "MONROE", "state": "NY", "zip": "10950-8414", "ntee": "X30", "ruling": "202412", "deductibility": "1", "assets": 0, "income": 0, "revenue": 0}], "PRODESTANT": [{"ein": "113378282", "name": "HOPE PRODESTANT REFORMED CHURCH", "city": "BROOKLYN", "state": "NY", "zip": "11225-1765", "ntee": "X21Z", "ruling": "199711", "deductibility": "1", "assets": 0, "income": 0, "revenue": 0}], "HERBST": [{"ein": "113405415", "name": "HERBST FAMILY FOUNDATION INC", "city": "WEST BABYLON", "state": "NY", "zip": "11704-8044", "ntee": "T22Z", "ruling": "199801", "deductibility": "1", "assets": 4499177, "income": 454129, "revenue": 0}, {"ein": "236694431", "name": "MATILDA P HERBST TRUST UW DTD 1-7-80", "city": "BUFFALO", "state": "NY", "zip": "14240-1504", "ntee": "T90", "ruling": "200206", "deductibility": "1", "assets": 163342, "income": 70153, "revenue": 0}, {"ein": "271324245", "name": "HERSHEL AND MIRIAM HERBST CHARITABLE TRUST", "city": "MONROE", "state": "NY", "zip": "10949-0853", "ntee": "T20", "ruling": "201005", "deductibility": "1", "assets": 13781754, "income": 14465553, "revenue": 0}], "FRACTURED": [{"ein": "113451703", "name": "FRACTURED ATLAS INC", "city": "NEW YORK", "state": "NY", "zip": "10003-1502", "ntee": "A65", "ruling": "199810", "deductibility": "1", "assets": 35390554, "income": 52537435, "revenue": 42006863}], "BINDLESTIFF": [{"ein": "113479226", "name": "BINDLESTIFF FAMILY VARIETY ARTS INC", "city": "NEW YORK", "state": "NY", "zip": "10009-0386", "ntee": "A60", "ruling": "199912", "deductibility": "1", "assets": 256385, "income": 723915, "revenue": 722987}], "PERSERVATION": [{"ein": "113550153", "name": "FAMILY PERSERVATION SERVICES OF NY", "city": "BROOKLYN", "state": "NY", "zip": "11224-1562", "ntee": "P20", "ruling": "201505", "deductibility": "1", "assets": 0, "income": 0, "revenue": 0}], "IVY": [{"ein": "113551213", "name": "IVY FOUNDATION SUFFOLK-NASSAU COUNTIES INC", "city": "MASSAPEQUA", "state": "NY", "zip": "11758-5336", "ntee": "B82", "ruling": "200012", "deductibility": "1", "assets": 51999, "income": 44023, "revenue": 24751}, {"ein": "133745079", "name": "IVY ENRICHMENT FUND INC", "city": "WHITE PLAINS", "state": "NY", "zip": "10602-2044", "ntee": "B83Z", "ruling": "199604", "deductibility": "1", "assets": 134006, "income": 142884, "revenue": 140585}, {"ein": "208008425", "name": "IVY BALDWIN DANCE INC", "city": "BROOKLYN", "state": "NY", "zip": "11217-0424", "ntee": "A60", "ruling": "200705", "deductibility": "1", "assets": 5755, "income": 44025, "revenue": 44025}, {"ein": "222351441", "name": "MID-HUDSON IVY FOUNDATION INC", "city": "POUGHKEEPSIE", "state": "NY", "zip": "12601-0848", "ntee": "", "ruling": "198705", "deductibility": "1", "assets": 0, "income": 0, "revenue": 0}, {"ein": "264177996", "name": "IVY LEAGUE SCHOOL FOUNDATION INC", "city": "SMITHTOWN", "state": "NY", "zip": "11787-4403", "ntee": "B82", "ruling": "200907", "deductibility": "1", "assets": 24044, "income": 11784, "revenue": 6784}, {"ein": "320086207", "name": "IVY FOOTBALL ASSOCIATION INC", "city": "NEW YORK", "state": "NY", "zip": "10018-8111", "ntee": "B82", "ruling": "200402", "deductibility": "1", "assets": 0, "income": 0, "revenue": 0}, {"ein": "383830655", "name": "PEARLS AND IVY FOUNDATION OF WESTBURY INC", "city": "WESTBURY", "state": "NY", "zip": "11590-0804", "ntee": "B82", "ruling": "201412", "deductibility": "1", "assets": 0, "income": 0, "revenue": 0}, {"ein": "454427316", "name": "PEARLS AND IVY FOUNDATION OF QUEENS INC", "city": "SAINT ALBANS", "state": "NY", "zip": "11412-0302", "ntee": "P99", "ruling": "201405", "deductibility": "1", "assets": 133112, "income": 84897, "revenue": 81897}, {"ein": "465747158", "name": "IVY WRIGHT FOUNDATION INC", "city": "ROSEDALE", "state": "NY", "zip": "11422-2146", "ntee": "Q30", "ruling": "201601", "deductibility": "1", "assets": 0, "income": 0, "revenue": 0}, {"ein": "472749256", "name": "IVY LEAGUE BOUND PROJECT INC", "city": "NEW YORK", "state": "NY", "zip": "10037-3220", "ntee": "B90", "ruling": "201507", "deductibility": "1", "assets": 0, "income": 0, "revenue": 0}, {"ein": "522330471", "name": "NOIZ IVY INC", "city": "MANORVILLE", "state": "NY", "zip": "11949-3443", "ntee": "B99", "ruling": "200301", "deductibility": "1", "assets": 5342991, "income": 2527986, "revenue": 2527986}, {"ein": "810829949", "name": "IVY LEAGUE CHICS INC", "city": "BROOKLYN", "state": "NY", "zip": "11226-7133", "ntee": "O50", "ruling": "201602", "deductibility": "1", "assets": 0, "income": 0, "revenue": 0}, {"ein": "822942309", "name": "KHAL BNEI TORAH OF MOUNT IVY", "city": "POMONA", "state": "NY", "zip": "10970-0151", "ntee": "X30", "ruling": "201910", "deductibility": "1", "assets": 0, "income": 0, "revenue": 0}, {"ein": "831178507", "name": "IVY HILL PREPARATORY SCHOOL", "city": "BROOKLYN", "state": "NY", "zip": "11203-6010", "ntee": "B29", "ruling": "201906", "deductibility": "1", "assets": 13097618, "income": 6936928, "revenue": 6936928}, {"ein": "844906130", "name": "GREEN IVY HEALTH INC", "city": "BALLSTON SPA", "state": "NY", "zip": "12020-8401", "ntee": "G20", "ruling": "202003", "deductibility": "1", "assets": 0, "income": 0, "revenue": 0}, {"ein": "872990369", "name": "IVY LEAGUE ABC", "city": "BROOKLYN", "state": "NY", "zip": "11239-1309", "ntee": "P40", "ruling": "202304", "deductibility": "1", "assets": 0, "income": 0, "revenue": 0}, {"ein": "900396240", "name": "IVY ROSE FOUNDATION INC", "city": "BROOKLYN", "state": "NY", "zip": "11202-0405", "ntee": "", "ruling": "201209", "deductibility": "1", "assets": 77480, "income": 144917, "revenue": 144917}, {"ein": "921399906", "name": "IVY LEAGUE MENTORING INC", "city": "PURCHASE", "state": "NY", "zip": "10577-1119", "ntee": "O50", "ruling": "202308", "deductibility": "1", "assets": 0, "income": 0, "revenue": 0}], "CHERUBIN": [{"ein": "113552774", "name": "COUNCIL OF CHERUBIN AND SERAPHIM MOVEMENT CHURCHES INC", "city": "BRONX", "state": "NY", "zip": "10473-1326", "ntee": "X03", "ruling": "200011", "deductibility": "1", "assets": 0, "income": 0, "revenue": 0}, {"ein": "133938585", "name": "ETERNAL SACRED ORDER OF CHERUBIN AND SERAPHIN CHURCH", "city": "BRONX", "state": "NY", "zip": "10456-6108", "ntee": "X21", "ruling": "200903", "deductibility": "1", "assets": 474775, "income": 35000, "revenue": 35000}, {"ein": "203711917", "name": "EBENEZR CHERUBIN AND SERAPHIN CHURCH OF GHANA", "city": "BRONX", "state": "NY", "zip": "10467-5581", "ntee": "", "ruling": "200804", "deductibility": "1", "assets": 0, "income": 0, "revenue": 0}], "WILDERNESS": [{"ein": "113653228", "name": "WILDERNESS HAVEN WILDLIFE REHABILITATION CENTER INC", "city": "HAMBURG", "state": "NY", "zip": "14075-5541", "ntee": "D30", "ruling": "200307", "deductibility": "1", "assets": 0, "income": 0, "revenue": 0}, {"ein": "161404791", "name": "WILDERNESS SEARCH AND RESCUE TEAM INC", "city": "SYRACUSE", "state": "NY", "zip": "13220-5543", "ntee": "M23", "ruling": "199804", "deductibility": "1", "assets": 0, "income": 0, "revenue": 0}, {"ein": "201675636", "name": "WILD EARTH WILDERNESS SCHOOL", "city": "HIGH FALLS", "state": "NY", "zip": "12440-5907", "ntee": "O50", "ruling": "200503", "deductibility": "1", "assets": 1713081, "income": 2308440, "revenue": 2301093}, {"ein": "223235671", "name": "WILDERNESS HEALTH CARE FOUNDATION INC", "city": "STAR LAKE", "state": "NY", "zip": "13690-3143", "ntee": "", "ruling": "199308", "deductibility": "1", "assets": 489043, "income": 203926, "revenue": 198800}, {"ein": "223792831", "name": "WILDERNESS RESEARCH FOUNDATION INC", "city": "NEW YORK", "state": "NY", "zip": "10010-4102", "ntee": "D05", "ruling": "200201", "deductibility": "1", "assets": 0, "income": 0, "revenue": 0}, {"ein": "263516018", "name": "CATSKILLS LIVE - TRAILS & WILDERNESS ASSOCIATION", "city": "MOUNT TREMPER", "state": "NY", "zip": "12457-0015", "ntee": "C34", "ruling": "201003", "deductibility": "1", "assets": 0, "income": 0, "revenue": 0}, {"ein": "311733136", "name": "CHURCH OF THE WILDERNESS MINISTRY INC", "city": "PEEKSKILL", "state": "NY", "zip": "10566-3312", "ntee": "X21", "ruling": "200010", "deductibility": "1", "assets": 0, "income": 0, "revenue": 0}, {"ein": "821172192", "name": "GOLDEN TROUT WILDERNESS INC", "city": "BROOKLYN", "state": "NY", "zip": "11237-3410", "ntee": "A99", "ruling": "201806", "deductibility": "1", "assets": 0, "income": 0, "revenue": 0}, {"ein": "833409931", "name": "ADIRONDACK WILDERNESS ADOVOCATES INC", "city": "HONEOYE FALLS", "state": "NY", "zip": "14472-1046", "ntee": "C30", "ruling": "202312", "deductibility": "1", "assets": 0, "income": 0, "revenue": 0}], "RAGAMUFFIN": [{"ein": "114023035", "name": "RAGAMUFFIN INC", "city": "BROOKLYN", "state": "NY", "zip": "11209-7742", "ntee": "", "ruling": "198510", "deductibility": "1", "assets": 0, "income": 0, "revenue": 0}, {"ein": "920466871", "name": "TRAVELING TAILS AND RAGAMUFFIN RESCUE", "city": "UTICA", "state": "NY", "zip": "13502-4950", "ntee": "D20", "ruling": "202306", "deductibility": "1", "assets": 0, "income": 0, "revenue": 0}], "GOTTSCHEE": [{"ein": "116074351", "name": "BLAU WEISS GOTTSCHEE INC", "city": "MIDDLE VLG", "state": "NY", "zip": "11379-2340", "ntee": "N64", "ruling": "199805", "deductibility": "1", "assets": 676830, "income": 1026884, "revenue": 1026884}], "CONCORDIA": [{"ein": "131740448", "name": "CONCORDIA COLLEGE AT BRONXVILLE", "city": "LONG BEACH", "state": "NY", "zip": "11561-3506", "ntee": "", "ruling": "194107", "deductibility": "1", "assets": 0, "income": 771845, "revenue": 771845}, {"ein": "134036152", "name": "CONCORDIA COLLEGE-NEW YORK FOUNDATION INC", "city": "BRONXVILLE", "state": "NY", "zip": "10708-1923", "ntee": "B114", "ruling": "200001", "deductibility": "1", "assets": 0, "income": 0, "revenue": 0}, {"ein": "140578750", "name": "CONCORDIA SINGING SOCIETY", "city": "GLOVERSVILLE", "state": "NY", "zip": "12078-0000", "ntee": "", "ruling": "196009", "deductibility": "2", "assets": 291500, "income": 197324, "revenue": 114899}, {"ein": "161071686", "name": "CONCORDIA CEMETERY INC", "city": "BUFFALO", "state": "NY", "zip": "14224-1629", "ntee": "", "ruling": "198101", "deductibility": "1", "assets": 230834, "income": 42409, "revenue": 42409}, {"ein": "161384723", "name": "CONCORDIA LUTHERAN CHURCH", "city": "ROCHESTER", "state": "NY", "zip": "14626-1760", "ntee": "", "ruling": "194107", "deductibility": "1", "assets": 0, "income": 0, "revenue": 0}, {"ein": "166037580", "name": "CONCORDIA LUTHERAN CHURCH", "city": "KENDALL", "state": "NY", "zip": "14476-0461", "ntee": "", "ruling": "198804", "deductibility": "1", "assets": 0, "income": 0, "revenue": 0}, {"ein": "166039820", "name": "CONCORDIA LUTHERAN CHURCH", "city": "WATERTOWN", "state": "NY", "zip": "13601-2346", "ntee": "", "ruling": "198804", "deductibility": "1", "assets": 0, "income": 0, "revenue": 0}, {"ein": "237049438", "name": "CONCORDIA EVANGELICAL LUTHERAN CHURCH", "city": "NEWFANE", "state": "NY", "zip": "14108-9623", "ntee": "", "ruling": "194107", "deductibility": "1", "assets": 0, "income": 0, "revenue": 0}, {"ein": "275121564", "name": "CONCORDIA SUMMIT INC", "city": "NEW YORK", "state": "NY", "zip": "10016-1706", "ntee": "Q40", "ruling": "201210", "deductibility": "1", "assets": 1340344, "income": 5333984, "revenue": 5333984}, {"ein": "453819285", "name": "CONCORDIA FOUNDATION INC", "city": "KENMORE", "state": "NY", "zip": "14217-0744", "ntee": "T11", "ruling": "201808", "deductibility": "1", "assets": 0, "income": 0, "revenue": 0}, {"ein": "721601411", "name": "AMERICAN FRIENDS OF CONCORDIA UNIVERSITY", "city": "NEW YORK", "state": "NY", "zip": "10019-4703", "ntee": "B12", "ruling": "200509", "deductibility": "1", "assets": 27478, "income": 984611, "revenue": 984611}, {"ein": "871379215", "name": "CONCORDIA CONSERVATORY", "city": "BRONXVILLE", "state": "NY", "zip": "10708-1923", "ntee": "A68", "ruling": "202201", "deductibility": "1", "assets": 4239020, "income": 2355425, "revenue": 2302806}], "FREUD": [{"ein": "131820180", "name": "SIGMUND FREUD ARCHIVES INC", "city": "NEW YORK", "state": "NY", "zip": "10033-3429", "ntee": "", "ruling": "195207", "deductibility": "1", "assets": 0, "income": 0, "revenue": 0}, {"ein": "136084743", "name": "ANNA FREUD FOUNDATION", "city": "NEW YORK", "state": "NY", "zip": "10011-9126", "ntee": "V23I", "ruling": "195504", "deductibility": "1", "assets": 1019352, "income": 437688, "revenue": 0}, {"ein": "136167146", "name": "ANNA FREUD CENTRE", "city": "HOWARD BEACH", "state": "NY", "zip": "11414-0000", "ntee": "F99Z", "ruling": "195504", "deductibility": "1", "assets": 61605714, "income": 38388729, "revenue": 38388729}, {"ein": "204314734", "name": "FREUD FOUNDATION US", "city": "NEW YORK", "state": "NY", "zip": "10128-1758", "ntee": "A990", "ruling": "200612", "deductibility": "1", "assets": 20770, "income": 9216, "revenue": 0}], "LACH": [{"ein": "132873406", "name": "CONGREGATION LACH ZICHRON MOSHE", "city": "BROOKLYN", "state": "NY", "zip": "11219-2214", "ntee": "", "ruling": "197702", "deductibility": "1", "assets": 0, "income": 0, "revenue": 0}], "HESCHEL": [{"ein": "133091539", "name": "ABRAHAM JOSHUA HESCHEL SCHOOL", "city": "NEW YORK", "state": "NY", "zip": "10023-7809", "ntee": "B200", "ruling": "198112", "deductibility": "1", "assets": 176011189, "income": 98169207, "revenue": 66681264}, {"ein": "990447623", "name": "HESCHEL FAMILY FOUNDATION", "city": "BROOKLYN", "state": "NY", "zip": "11210-4141", "ntee": "T30", "ruling": "202409", "deductibility": "1", "assets": 0, "income": 0, "revenue": 0}], "SHINIVE": [{"ein": "133098374", "name": "CONGREGATION DIVREI YECHESKEL OF SHINIVE", "city": "MONSEY", "state": "NY", "zip": "10952-3327", "ntee": "", "ruling": "198806", "deductibility": "1", "assets": 0, "income": 0, "revenue": 0}], "ARTE": [{"ein": "133111859", "name": "INSTITUTO ARTE TEATRAL INTERNACIONAL INC", "city": "NEW YORK", "state": "NY", "zip": "10003-9587", "ntee": "A650", "ruling": "198204", "deductibility": "1", "assets": 244666, "income": 438154, "revenue": 438154}, {"ein": "134140107", "name": "DELL ARTE OPERA ENSEMBLE INC", "city": "NEW YORK", "state": "NY", "zip": "10040-3612", "ntee": "A68", "ruling": "200711", "deductibility": "1", "assets": 1, "income": 102122, "revenue": 102122}, {"ein": "270143981", "name": "ABYAYALA ARTE & CULTURA", "city": "NEW YORK", "state": "NY", "zip": "10016-2186", "ntee": "A23", "ruling": "200708", "deductibility": "1", "assets": 0, "income": 0, "revenue": 0}, {"ein": "331687688", "name": "AMERICAN FRIENDS OF CREATIVA CAMINO AL ARTE AC INC", "city": "MAHOPAC", "state": "NY", "zip": "10541-3940", "ntee": "A90", "ruling": "202411", "deductibility": "1", "assets": 1, "income": 0, "revenue": 0}, {"ein": "453174241", "name": "ARTE INSTITUTE INC", "city": "BROOKLYN", "state": "NY", "zip": "11201-6046", "ntee": "A20", "ruling": "201201", "deductibility": "1", "assets": 27368, "income": 184618, "revenue": 184618}, {"ein": "465374129", "name": "PLUMA POETICA DEL ARTE INC", "city": "NEW YORK", "state": "NY", "zip": "10025-4539", "ntee": "A99", "ruling": "201408", "deductibility": "1", "assets": 26, "income": 29070, "revenue": 29070}, {"ein": "992877875", "name": "MOMENTOS DE- UN ESPACIO PARA EL ARTE Y LA CULTURA", "city": "ELMHURTS", "state": "NY", "zip": "11373-2928", "ntee": "S20", "ruling": "202406", "deductibility": "1", "assets": 0, "income": 0, "revenue": 0}], "ALARIA": [{"ein": "133163185", "name": "ALARIA CHAMBER ENSEMBLE INC", "city": "NEW YORK", "state": "NY", "zip": "10025-1513", "ntee": "A6CZ", "ruling": "198308", "deductibility": "1", "assets": 50613, "income": 146227, "revenue": 146227}], "KEMPO": [{"ein": "133385114", "name": "SHORINJI KEMPO ASSOCIATION INC", "city": "BROOKLYN", "state": "NY", "zip": "11237-0000", "ntee": "", "ruling": "199307", "deductibility": "1", "assets": 3583, "income": 8947, "revenue": 8947}], "MAXWELL": [{"ein": "133432280", "name": "DR MAXWELL L AND FLORENCE C BLUMENREICH FOUNDATION INC", "city": "NEW YORK", "state": "NY", "zip": "10022-0000", "ntee": "", "ruling": "198912", "deductibility": "1", "assets": 726605, "income": 18305, "revenue": 0}, {"ein": "150628402", "name": "MAXWELL MEMORIAL LIBRARY", "city": "CAMILLUS", "state": "NY", "zip": "13031-1128", "ntee": "", "ruling": "196706", "deductibility": "1", "assets": 93455, "income": 475125, "revenue": 475125}, {"ein": "161177679", "name": "MAXWELL HALL CORP", "city": "CLIFTON SPGS", "state": "NY", "zip": "14432-1231", "ntee": "", "ruling": "198211", "deductibility": "1", "assets": 137260, "income": 66240, "revenue": 66240}, {"ein": "166022409", "name": "MAXWELL ENDOWMENT FUND", "city": "EAST AURORA", "state": "NY", "zip": "14052-1638", "ntee": "", "ruling": "194210", "deductibility": "1", "assets": 0, "income": 0, "revenue": 0}, {"ein": "237188213", "name": "MAXWELL LIDE STANBACK FDN INC", "city": "LARCHMONT", "state": "NY", "zip": "10538-1520", "ntee": "", "ruling": "197208", "deductibility": "1", "assets": 1042, "income": 1, "revenue": 0}, {"ein": "450610555", "name": "ALEXANDER MAXWELL GRANT FOUNDATION", "city": "NEW YORK", "state": "NY", "zip": "10016-6823", "ntee": "B82", "ruling": "201206", "deductibility": "1", "assets": 8486, "income": 0, "revenue": 0}, {"ein": "452079118", "name": "FRIENDS OF MAXWELL MEMORIAL LIBRARY", "city": "CAMILLUS", "state": "NY", "zip": "13031-1314", "ntee": "B11", "ruling": "201803", "deductibility": "1", "assets": 0, "income": 0, "revenue": 0}, {"ein": "473733982", "name": "WALTER MAXWELL SCHOLARSHIP FUND", "city": "UNIONDALE", "state": "NY", "zip": "11553-3110", "ntee": "X20", "ruling": "201605", "deductibility": "1", "assets": 0, "income": 0, "revenue": 0}], "MBA": [{"ein": "133793940", "name": "NEW YORK CHAPTER OF THE NATIONAL BLACK MBA ASSOCIATION INC", "city": "NEW YORK", "state": "NY", "zip": "10016-0000", "ntee": "R99Z", "ruling": "199606", "deductibility": "1", "assets": 76916, "income": 444916, "revenue": 444916}, {"ein": "800810440", "name": "NWA NNE DI NA MBA", "city": "BRONX", "state": "NY", "zip": "10463-6068", "ntee": "N05", "ruling": "201407", "deductibility": "2", "assets": 0, "income": 0, "revenue": 0}, {"ein": "844071133", "name": "MBA FOUNDATION INC", "city": "BROOKLYN", "state": "NY", "zip": "11210-5401", "ntee": "T20", "ruling": "202103", "deductibility": "1", "assets": 2073716, "income": 1392438, "revenue": 0}, {"ein": "873241675", "name": "MR MBA INC", "city": "NEW YORK", "state": "NY", "zip": "10001-2538", "ntee": "B99", "ruling": "202202", "deductibility": "1", "assets": 0, "income": 0, "revenue": 0}, {"ein": "882123101", "name": "MBA SPORTS BUSINESS ALLIANCE INC", "city": "NEW YORK", "state": "NY", "zip": "10023-2007", "ntee": "B80", "ruling": "202205", "deductibility": "1", "assets": 0, "income": 0, "revenue": 0}], "BROOKLYNIA": [{"ein": "133832288", "name": "SCHLARAFFIA BROOKLYNIA INC", "city": "NEW YORK", "state": "NY", "zip": "10128-0000", "ntee": "", "ruling": "199507", "deductibility": "2", "assets": 0, "income": 0, "revenue": 0}], "CHEROKEE": [{"ein": "133844128", "name": "NORTH EASTERN BAND OF CHEROKEE", "city": "THE BRONX", "state": "NY", "zip": "10451-4135", "ntee": "A23", "ruling": "200104", "deductibility": "1", "assets": 0, "income": 0, "revenue": 0}], "PAULINO": [{"ein": "133897907", "name": "ROLANDO PAULINO BASEBALL LITTLE LEAGUE INC", "city": "BRONX", "state": "NY", "zip": "10456-7010", "ntee": "N63", "ruling": "202506", "deductibility": "1", "assets": 0, "income": 58727, "revenue": 58727}], "KALAVANT": [{"ein": "134002928", "name": "KALAVANT CENTER FOR MUSIC AND DANCE INC", "city": "NEW YORK", "state": "NY", "zip": "10003-7410", "ntee": "A600", "ruling": "199808", "deductibility": "1", "assets": 82639, "income": 120961, "revenue": 120961}], "SEJONG": [{"ein": "134015123", "name": "INTERNATIONAL SEJONG SOLOISTS INC", "city": "NEW YORK", "state": "NY", "zip": "10023-3201", "ntee": "A6C0", "ruling": "199907", "deductibility": "1", "assets": 18009, "income": 472105, "revenue": 472105}], "GREGORIO": [{"ein": "134027334", "name": "CENTRO COMUNAL GENERAL GREGORIO LUPERON INC", "city": "NEW YORK", "state": "NY", "zip": "10040-0412", "ntee": "P20", "ruling": "199902", "deductibility": "1", "assets": 1, "income": 1, "revenue": 0}], "HACHZUKAS": [{"ein": "134049626", "name": "CONGREGATION HACHZUKAS ACHIM INC", "city": "MONSEY", "state": "NY", "zip": "10952-3340", "ntee": "X30", "ruling": "200008", "deductibility": "1", "assets": 0, "income": 0, "revenue": 0}, {"ein": "824951458", "name": "CONGREGATION HACHZUKAS TALMUD INC", "city": "MONSEY", "state": "NY", "zip": "10952-2518", "ntee": "X30", "ruling": "201904", "deductibility": "1", "assets": 0, "income": 0, "revenue": 0}], "COEXISTENCE": [{"ein": "134109688", "name": "COEXISTENCE INITIATIVE INC", "city": "NEW YORK", "state": "NY", "zip": "10022-5802", "ntee": "Q400", "ruling": "200006", "deductibility": "1", "assets": 0, "income": 0, "revenue": 0}, {"ein": "463085568", "name": "COEXISTENCE STORY INC", "city": "NEW YORK", "state": "NY", "zip": "10024-6483", "ntee": "D122", "ruling": "201312", "deductibility": "1", "assets": 125893, "income": 196499, "revenue": 196499}, {"ein": "934172585", "name": "CBA SOCIETY OF PEACEFUL COEXISTENCE INC", "city": "JAMAICA", "state": "NY", "zip": "11432-5428", "ntee": "O99", "ruling": "202411", "deductibility": "1", "assets": 0, "income": 0, "revenue": 0}], "LD": [{"ein": "134186250", "name": "LD RESOURCES FOUNDATION INC", "city": "NEW YORK", "state": "NY", "zip": "10014-1666", "ntee": "G20", "ruling": "200110", "deductibility": "1", "assets": 131549, "income": 78338, "revenue": 44881}, {"ein": "300082673", "name": "COHEN LD FAMILY FOUNDATION INC", "city": "BROOKLYN", "state": "NY", "zip": "11219-2774", "ntee": "T22", "ruling": "200206", "deductibility": "1", "assets": 3091781, "income": 320127, "revenue": 0}, {"ein": "462887962", "name": "MATTHEW LD RICKETT MEMORIAL FUND INC", "city": "HOPEWELL JCT", "state": "NY", "zip": "12533-6001", "ntee": "B84", "ruling": "201408", "deductibility": "1", "assets": 0, "income": 0, "revenue": 0}], "SONOS": [{"ein": "134192884", "name": "SONOS CHAMBER ORCHESTRA INC", "city": "NEW YORK", "state": "NY", "zip": "10040-3667", "ntee": "A69", "ruling": "200207", "deductibility": "1", "assets": 0, "income": 0, "revenue": 0}], "CROSSING": [{"ein": "134197646", "name": "CROSSING JAMAICA AVENUE INC", "city": "NEW YORK", "state": "NY", "zip": "10028-1405", "ntee": "A65", "ruling": "200201", "deductibility": "1", "assets": 0, "income": 0, "revenue": 0}, {"ein": "141833663", "name": "SCHOHARIE CROSSING FRIENDS OF", "city": "FORT HUNTER", "state": "NY", "zip": "12069-0140", "ntee": "A80", "ruling": "201504", "deductibility": "1", "assets": 0, "income": 0, "revenue": 0}, {"ein": "161452011", "name": "SPRINGWATER-WEBSTER CROSSING HISTORICAL SOCIETY", "city": "SPRINGWATER", "state": "NY", "zip": "14560-0068", "ntee": "A80", "ruling": "199508", "deductibility": "1", "assets": 0, "income": 0, "revenue": 0}, {"ein": "201403056", "name": "ARTISTS CROSSING", "city": "NEW YORK", "state": "NY", "zip": "10022-6392", "ntee": "A65", "ruling": "200506", "deductibility": "1", "assets": 0, "income": 0, "revenue": 0}, {"ein": "261953051", "name": "CELTIC CROSSING INC", "city": "SCHENECTADY", "state": "NY", "zip": "12304-1808", "ntee": "S99", "ruling": "201003", "deductibility": "2", "assets": 0, "income": 0, "revenue": 0}, {"ein": "264123136", "name": "CHURCH CROSSING OF THE JORDAN CORP", "city": "BRONX", "state": "NY", "zip": "10458-5541", "ntee": "X99", "ruling": "202212", "deductibility": "1", "assets": 0, "income": 0, "revenue": 0}, {"ein": "472610068", "name": "CROSSING POINT ARTS INC", "city": "HASTINGS HDSN", "state": "NY", "zip": "10706-0105", "ntee": "A25", "ruling": "201504", "deductibility": "1", "assets": 0, "income": 0, "revenue": 0}, {"ein": "821098507", "name": "CRITTER CROSSING INC", "city": "SYRACUSE", "state": "NY", "zip": "13215-8763", "ntee": "D20", "ruling": "202101", "deductibility": "1", "assets": 0, "income": 0, "revenue": 0}, {"ein": "821545957", "name": "CROSSING THE GAP", "city": "LIME", "state": "NY", "zip": "14485-9757", "ntee": "P84", "ruling": "201812", "deductibility": "1", "assets": 0, "income": 0, "revenue": 0}, {"ein": "824900610", "name": "CROSSING PARTY LINES INC", "city": "NEW YORK", "state": "NY", "zip": "10001-7604", "ntee": "W24", "ruling": "201902", "deductibility": "1", "assets": 0, "income": 0, "revenue": 0}, {"ein": "852882203", "name": "TURTLE CROSSING WILDLIFE REHABILITATION FARM", "city": "ITHACA", "state": "NY", "zip": "14850-9611", "ntee": "", "ruling": "202105", "deductibility": "1", "assets": 0, "income": 0, "revenue": 0}, {"ein": "870769296", "name": "HUDSON CROSSING PARK INC", "city": "SCHUYLERVILLE", "state": "NY", "zip": "12871-0144", "ntee": "N32", "ruling": "200610", "deductibility": "1", "assets": 140803, "income": 117334, "revenue": 104677}, {"ein": "882359451", "name": "CROSSING TONES INC", "city": "GLENDALE", "state": "NY", "zip": "11385-7250", "ntee": "A99", "ruling": "202205", "deductibility": "1", "assets": 0, "income": 0, "revenue": 0}], "GARMENT": [{"ein": "135571972", "name": "GARMENT SUPPLIERS ASSOCIATION INC", "city": "NEW YORK", "state": "NY", "zip": "10105-0000", "ntee": "", "ruling": "194407", "deductibility": "2", "assets": 6697, "income": 0, "revenue": 0}, {"ein": "135572813", "name": "GREATER BLOUSE SKIRT AND UNDER GARMENT ASSN INC", "city": "NEW YORK", "state": "NY", "zip": "10013-3613", "ntee": "", "ruling": "194008", "deductibility": "2", "assets": 46011, "income": 64320, "revenue": 64320}, {"ein": "136167274", "name": "GARMENT SUPPLIERS ASSOCIATION LIQUIDATION PAY FUND", "city": "NEW YORK", "state": "NY", "zip": "10105-0000", "ntee": "", "ruling": "196411", "deductibility": "2", "assets": 11789, "income": 0, "revenue": 0}], "TUTTLE": [{"ein": "135628325", "name": "ISAAC H TUTTLE FUND", "city": "NEW YORK", "state": "NY", "zip": "10128-1209", "ntee": "T900", "ruling": "193805", "deductibility": "1", "assets": 44939347, "income": 2197416, "revenue": 0}, {"ein": "815212412", "name": "EASTPORT TUTTLE PTO INC", "city": "EASTPORT", "state": "NY", "zip": "11941-1210", "ntee": "B94", "ruling": "201708", "deductibility": "1", "assets": 29941, "income": 132040, "revenue": 74513}], "MCHUGH": [{"ein": "136141528", "name": "JOHN L MCHUGH FOUNDATION INC", "city": "NEW YORK", "state": "NY", "zip": "10019-6036", "ntee": "", "ruling": "195912", "deductibility": "1", "assets": 1152748, "income": 232929, "revenue": 0}, {"ein": "260040006", "name": "DENNIS P MCHUGH FOUNDATION", "city": "BLAUVELT", "state": "NY", "zip": "10913-1214", "ntee": "T20", "ruling": "200201", "deductibility": "1", "assets": 1, "income": 150, "revenue": 0}, {"ein": "842777357", "name": "MIKE MCHUGH MEMORIAL FUND INC", "city": "SEAFORD", "state": "NY", "zip": "11783-1913", "ntee": "B82", "ruling": "202312", "deductibility": "1", "assets": 0, "income": 0, "revenue": 0}], "SALESIAN": [{"ein": "136155183", "name": "SALESIAN SOCIETY INC", "city": "NEW ROCHELLE", "state": "NY", "zip": "10801-5324", "ntee": "", "ruling": "194603", "deductibility": "1", "assets": 0, "income": 0, "revenue": 0}, {"ein": "800522035", "name": "SALESIAN MISSIONS INC", "city": "NEW ROCHELLE", "state": "NY", "zip": "10801-5710", "ntee": "X99", "ruling": "194603", "deductibility": "1", "assets": 0, "income": 0, "revenue": 0}, {"ein": "873133857", "name": "SALESIAN HIGH SCHOOL", "city": "NEW ROCHELLE", "state": "NY", "zip": "10801-5324", "ntee": "", "ruling": "194603", "deductibility": "1", "assets": 0, "income": 0, "revenue": 0}], "GERMANIA": [{"ein": "140569810", "name": "GERMANIA SINGING SOCIETY", "city": "POUGHKEEPSIE", "state": "NY", "zip": "12603-2062", "ntee": "A23", "ruling": "202106", "deductibility": "1", "assets": 716614, "income": 366772, "revenue": 326281}, {"ein": "150525764", "name": "GERMANIA MAENNERCHOR INC", "city": "BINGHAMTON", "state": "NY", "zip": "13904-2641", "ntee": "", "ruling": "194103", "deductibility": "2", "assets": 186331, "income": 106918, "revenue": 64928}], "TONGORE": [{"ein": "141403798", "name": "TONGORE CEMETARY ASSOCIATION INC", "city": "OLIVEBRIDGE", "state": "NY", "zip": "12461-5517", "ntee": "", "ruling": "197405", "deductibility": "2", "assets": 0, "income": 0, "revenue": 0}, {"ein": "166183457", "name": "TONGORE CEM ASSN INC TA", "city": "ELMIRA", "state": "NY", "zip": "14902-0152", "ntee": "Y52Z", "ruling": "000000", "deductibility": "0", "assets": 212398, "income": 17771, "revenue": 15624}, {"ein": "582328060", "name": "TONGORE PINES HOUSING DEVELOPMENT FUND COMPANY INC", "city": "KINGSTON", "state": "NY", "zip": "12401-3843", "ntee": "L99", "ruling": "199709", "deductibility": "1", "assets": 994432, "income": 276633, "revenue": 276633}], "COLES": [{"ein": "141601428", "name": "FRIENDS OF COLES WOODS INC", "city": "GLENS FALLS", "state": "NY", "zip": "12801-0294", "ntee": "C36", "ruling": "201408", "deductibility": "1", "assets": 0, "income": 0, "revenue": 0}, {"ein": "991719718", "name": "COLES HOUSE FOUNDATION INC", "city": "BUFFALO", "state": "NY", "zip": "14208-1023", "ntee": "A11", "ruling": "202408", "deductibility": "1", "assets": 0, "income": 0, "revenue": 0}], "ALGONQUIN": [{"ein": "141789349", "name": "ALGONQUIN NATIVE AMERICAN CHURCH", "city": "PLATTSBURGH", "state": "NY", "zip": "12901-7003", "ntee": "X99Z", "ruling": "199709", "deductibility": "1", "assets": 0, "income": 0, "revenue": 0}, {"ein": "260682893", "name": "ALGONQUIN SPORTS INC", "city": "BUFFALO", "state": "NY", "zip": "14212-1460", "ntee": "O50", "ruling": "200711", "deductibility": "1", "assets": 61248, "income": 162445, "revenue": 162445}, {"ein": "463502976", "name": "ALGONQUIN PARENT ORGANIZATION", "city": "AVERILL PARK", "state": "NY", "zip": "12018-0000", "ntee": "B94", "ruling": "201410", "deductibility": "1", "assets": 0, "income": 0, "revenue": 0}, {"ein": "844855514", "name": "FRIENDS OF LAKE ALGONQUIN", "city": "WELLS", "state": "NY", "zip": "12190-0569", "ntee": "C32", "ruling": "202006", "deductibility": "1", "assets": 0, "income": 0, "revenue": 0}, {"ein": "861358996", "name": "ALGONQUIN TO ADIRONDACKS COLLABORATIVE INC", "city": "POTSDAM", "state": "NY", "zip": "13676-0000", "ntee": "C30", "ruling": "202103", "deductibility": "1", "assets": 37502, "income": 18000, "revenue": 18000}], "GRROWLS": [{"ein": "141795123", "name": "GRROWLS-NY INC", "city": "SYRACUSE", "state": "NY", "zip": "13217-6634", "ntee": "D20", "ruling": "199702", "deductibility": "1", "assets": 0, "income": 0, "revenue": 0}], "AGLOW": [{"ein": "141797845", "name": "AGLOW INTERNATIONAL", "city": "YOUNGSVILLE", "state": "NY", "zip": "12791-0285", "ntee": "", "ruling": "197309", "deductibility": "1", "assets": 0, "income": 0, "revenue": 0}, {"ein": "161489149", "name": "AGLOW INTERNATIONAL", "city": "FILLMORE", "state": "NY", "zip": "14735-8737", "ntee": "", "ruling": "197309", "deductibility": "1", "assets": 0, "income": 0, "revenue": 0}, {"ein": "161559235", "name": "AGLOW INTERNATIONAL", "city": "SALAMANCA", "state": "NY", "zip": "14779-1364", "ntee": "", "ruling": "197309", "deductibility": "1", "assets": 0, "income": 0, "revenue": 0}, {"ein": "161582828", "name": "AGLOW INTERNATIONAL", "city": "JAMESTOWN", "state": "NY", "zip": "14701-3137", "ntee": "", "ruling": "197309", "deductibility": "1", "assets": 0, "income": 0, "revenue": 0}, {"ein": "202197887", "name": "AGLOW INTERNATIONAL", "city": "ATTICA", "state": "NY", "zip": "14011-9636", "ntee": "", "ruling": "197309", "deductibility": "1", "assets": 0, "income": 0, "revenue": 0}, {"ein": "237454987", "name": "AGLOW INTERNATIONAL", "city": "OWEGO", "state": "NY", "zip": "13827-2644", "ntee": "", "ruling": "197309", "deductibility": "1", "assets": 0, "income": 0, "revenue": 0}, {"ein": "260253190", "name": "AGLOW INTERNATIONAL", "city": "SAUGERTIES", "state": "NY", "zip": "12477-3316", "ntee": "", "ruling": "197309", "deductibility": "1", "assets": 0, "income": 0, "revenue": 0}, {"ein": "270983879", "name": "AGLOW INTERNATIONAL", "city": "SYRACUSE", "state": "NY", "zip": "13214-1918", "ntee": "", "ruling": "197309", "deductibility": "1", "assets": 0, "income": 0, "revenue": 0}, {"ein": "274271515", "name": "AGLOW INTERNATIONAL", "city": "BRONX", "state": "NY", "zip": "10452-1752", "ntee": "", "ruling": "197309", "deductibility": "1", "assets": 0, "income": 0, "revenue": 0}, {"ein": "463333859", "name": "AGLOW INTERNATIONAL", "city": "ENDICOTT", "state": "NY", "zip": "13760-6008", "ntee": "", "ruling": "197309", "deductibility": "1", "assets": 0, "income": 0, "revenue": 0}, {"ein": "510184737", "name": "AGLOW INTERNATIONAL", "city": "CHEEKTOWAGA", "state": "NY", "zip": "14225-3955", "ntee": "", "ruling": "197309", "deductibility": "1", "assets": 0, "income": 0, "revenue": 0}, {"ein": "510203036", "name": "AGLOW INTERNATIONAL", "city": "KINGSTON", "state": "NY", "zip": "12401-4050", "ntee": "", "ruling": "197309", "deductibility": "1", "assets": 0, "income": 0, "revenue": 0}, {"ein": "510217271", "name": "AGLOW INTERNATIONAL", "city": "BATAVIA", "state": "NY", "zip": "14020-9740", "ntee": "", "ruling": "197309", "deductibility": "1", "assets": 0, "income": 0, "revenue": 0}, {"ein": "812752506", "name": "AGLOW INTERNATIONAL", "city": "MALVERNE", "state": "NY", "zip": "11565-1200", "ntee": "", "ruling": "197309", "deductibility": "1", "assets": 0, "income": 0, "revenue": 0}, {"ein": "832127411", "name": "AGLOW INTERNATIONAL", "city": "EAST CONCORD", "state": "NY", "zip": "14055-9704", "ntee": "", "ruling": "197309", "deductibility": "1", "assets": 0, "income": 0, "revenue": 0}, {"ein": "883312450", "name": "COBLESKILL NY LIGHTHOUSE 2021615 AGLOW INTERNATIONAL", "city": "DUANESBURG", "state": "NY", "zip": "12056-3112", "ntee": "", "ruling": "197309", "deductibility": "1", "assets": 0, "income": 0, "revenue": 0}, {"ein": "930769776", "name": "AGLOW INTERNATIONAL", "city": "ANGOLA", "state": "NY", "zip": "14006-9359", "ntee": "", "ruling": "197309", "deductibility": "1", "assets": 0, "income": 0, "revenue": 0}, {"ein": "930773802", "name": "AGLOW INTERNATIONAL", "city": "AU SABLE FRKS", "state": "NY", "zip": "12912-0714", "ntee": "", "ruling": "197309", "deductibility": "1", "assets": 0, "income": 0, "revenue": 0}, {"ein": "930776087", "name": "AGLOW INTERNATIONAL", "city": "SAUGERTIES", "state": "NY", "zip": "12477-3316", "ntee": "", "ruling": "197309", "deductibility": "1", "assets": 0, "income": 0, "revenue": 0}, {"ein": "930792920", "name": "AGLOW INTERNATIONAL", "city": "ARCADE", "state": "NY", "zip": "14009-9724", "ntee": "", "ruling": "197309", "deductibility": "1", "assets": 0, "income": 0, "revenue": 0}, {"ein": "930798090", "name": "AGLOW INTERNATIONAL", "city": "SAUGERTIES", "state": "NY", "zip": "12477-3316", "ntee": "", "ruling": "197309", "deductibility": "1", "assets": 0, "income": 0, "revenue": 0}, {"ein": "930800063", "name": "AGLOW INTERNATIONAL", "city": "JAMESTOWN", "state": "NY", "zip": "14701-7702", "ntee": "", "ruling": "197309", "deductibility": "1", "assets": 0, "income": 0, "revenue": 0}, {"ein": "930873249", "name": "AGLOW INTERNATIONAL", "city": "ATTICA", "state": "NY", "zip": "14011-9636", "ntee": "", "ruling": "197309", "deductibility": "1", "assets": 0, "income": 0, "revenue": 0}, {"ein": "930920288", "name": "AGLOW INTERNATIONAL", "city": "MACEDON", "state": "NY", "zip": "14502-9301", "ntee": "", "ruling": "197309", "deductibility": "1", "assets": 0, "income": 0, "revenue": 0}, {"ein": "930991108", "name": "AGLOW INTERNATIONAL", "city": "ALDEN", "state": "NY", "zip": "14004-9552", "ntee": "", "ruling": "197309", "deductibility": "1", "assets": 0, "income": 0, "revenue": 0}, {"ein": "931057817", "name": "AGLOW INTERNATIONAL", "city": "ATTICA", "state": "NY", "zip": "14011-9636", "ntee": "", "ruling": "197309", "deductibility": "1", "assets": 0, "income": 0, "revenue": 0}], "OPERATOR": [{"ein": "141815612", "name": "NEW YORK INDEPENDENT SYSTEM OPERATOR INC", "city": "RENSSELAER", "state": "NY", "zip": "12144-9681", "ntee": "W800", "ruling": "200001", "deductibility": "1", "assets": 732953039, "income": 230448968, "revenue": 230448968}, {"ein": "820774057", "name": "NATIONAL COMEDY CENTER OPERATOR INC", "city": "JAMESTOWN", "state": "NY", "zip": "14701-0000", "ntee": "A60", "ruling": "201907", "deductibility": "1", "assets": 22122589, "income": 3702513, "revenue": 3479455}, {"ein": "841924373", "name": "10 SOUTH STREET CLUB OPERATOR INC", "city": "NEW YORK", "state": "NY", "zip": "10010-7105", "ntee": "A20", "ruling": "202306", "deductibility": "2", "assets": 9646633, "income": 24883771, "revenue": 24883771}, {"ein": "923726990", "name": "HC OPERATOR INC", "city": "NEW YORK", "state": "NY", "zip": "10010-7105", "ntee": "A20", "ruling": "202406", "deductibility": "2", "assets": 2111474, "income": 6060734, "revenue": 6060734}], "PIONEER": [{"ein": "146088334", "name": "INDEPENDENT TELEPHONE PIONEER ASSOCIATION", "city": "NEWPORT", "state": "NY", "zip": "13416-0201", "ntee": "Y40", "ruling": "202007", "deductibility": "2", "assets": 0, "income": 0, "revenue": 0}, {"ein": "161317381", "name": "PIONEER ASSOCIATION OF CHURCHES", "city": "ARCADE", "state": "NY", "zip": "14009-0034", "ntee": "", "ruling": "199207", "deductibility": "1", "assets": 0, "income": 0, "revenue": 0}, {"ein": "161379995", "name": "PIONEER CAMP AND RETREAT CENTER INC", "city": "WILLIAMSVILLE", "state": "NY", "zip": "14221-5203", "ntee": "", "ruling": "194107", "deductibility": "1", "assets": 0, "income": 0, "revenue": 0}, {"ein": "161383822", "name": "NIAGRA PIONEER SOCCER LEAGUE INC", "city": "YOUNGSTOWN", "state": "NY", "zip": "14174-0203", "ntee": "O50", "ruling": "201502", "deductibility": "1", "assets": 58965, "income": 177819, "revenue": 177819}, {"ein": "161528383", "name": "SARDINIA SNOWMOBILE CLUB INC DBA PIONEER SNO SURFERS", "city": "CHAFFEE", "state": "NY", "zip": "14030-9731", "ntee": "N68", "ruling": "202111", "deductibility": "1", "assets": 0, "income": 0, "revenue": 0}, {"ein": "161564437", "name": "OSWEGO COUNTY PIONEER SEARCH AND RESCUE TEAM INC", "city": "PARISH", "state": "NY", "zip": "13131-0229", "ntee": "M23", "ruling": "200701", "deductibility": "1", "assets": 0, "income": 0, "revenue": 0}, {"ein": "166011251", "name": "PIONEER OIL MUSEUM OF NEW YORK INC", "city": "BOLIVAR", "state": "NY", "zip": "14715-0000", "ntee": "A50", "ruling": "196508", "deductibility": "1", "assets": 817740, "income": 106773, "revenue": 103757}, {"ein": "166047588", "name": "PIONEER CEMETERY ASSOCIATION", "city": "AKRON", "state": "NY", "zip": "14001-0305", "ntee": "Y50", "ruling": "201603", "deductibility": "1", "assets": 0, "income": 0, "revenue": 0}, {"ein": "200028111", "name": "PIONEER LITTLE LEAGUE", "city": "ARCADE", "state": "NY", "zip": "14009-0913", "ntee": "", "ruling": "202001", "deductibility": "1", "assets": 0, "income": 0, "revenue": 0}, {"ein": "222142351", "name": "PIONEER CHRISTIAN FELLOWSHIP C O", "city": "ARCADE", "state": "NY", "zip": "14009-9743", "ntee": "", "ruling": "197708", "deductibility": "1", "assets": 0, "income": 0, "revenue": 0}, {"ein": "222585458", "name": "THE SMITHY-PIONEER GALLERY INC", "city": "COOPERSTOWN", "state": "NY", "zip": "13326-1249", "ntee": "", "ruling": "198502", "deductibility": "1", "assets": 2335906, "income": 577078, "revenue": 423286}, {"ein": "237212249", "name": "PIONEER GAS ENGINE ASSOCIATION INC", "city": "MARION", "state": "NY", "zip": "14505-9508", "ntee": "", "ruling": "197209", "deductibility": "1", "assets": 0, "income": 0, "revenue": 0}, {"ein": "331777227", "name": "PIONEER AI ALLIANCE INC", "city": "ALBANY", "state": "NY", "zip": "12207-2922", "ntee": "U99", "ruling": "202411", "deductibility": "1", "assets": 0, "income": 0, "revenue": 0}, {"ein": "372100542", "name": "PIONEER FOUNDATION FOR SERVICE AND ART INC", "city": "ALBANY", "state": "NY", "zip": "12210-2380", "ntee": "X11", "ruling": "202310", "deductibility": "1", "assets": 0, "income": 0, "revenue": 0}, {"ein": "461097738", "name": "PIONEER WORKS ART FOUNDATION", "city": "BROOKLYN", "state": "NY", "zip": "11231-1263", "ntee": "A20", "ruling": "201303", "deductibility": "1", "assets": 23495508, "income": 13790381, "revenue": 13401014}, {"ein": "472167141", "name": "FRIENDS OF PIONEER ATHLETES", "city": "ARCADE", "state": "NY", "zip": "14009-1315", "ntee": "", "ruling": "000000", "deductibility": "0", "assets": 0, "income": 0, "revenue": 0}, {"ein": "475039080", "name": "PIONEER BANK CHARITABLE FOUNDATION", "city": "LOUDONVILLE", "state": "NY", "zip": "12211-1125", "ntee": "P20", "ruling": "201903", "deductibility": "1", "assets": 5517452, "income": 285634, "revenue": 0}, {"ein": "475509184", "name": "PIONEER FOOTBALL LEAGUE INC", "city": "MOUNT VERNON", "state": "NY", "zip": "10552-1801", "ntee": "N65", "ruling": "201603", "deductibility": "1", "assets": 0, "income": 0, "revenue": 0}, {"ein": "510213141", "name": "PIONEER AUXILIARY ASSOCIATION", "city": "CHAFFEE", "state": "NY", "zip": "14030-0004", "ntee": "", "ruling": "202404", "deductibility": "2", "assets": 0, "income": 0, "revenue": 0}, {"ein": "800512846", "name": "HUDSON MOHAWK CHAPTER PIONEER GAS ENGINE ASSOCIATION", "city": "SCHOHARIE", "state": "NY", "zip": "12157-0393", "ntee": "A80", "ruling": "201311", "deductibility": "1", "assets": 0, "income": 0, "revenue": 0}, {"ein": "852680064", "name": "FRIENDS OF PIONEER INC", "city": "ANGOLA", "state": "NY", "zip": "14006-9416", "ntee": "X90", "ruling": "202012", "deductibility": "1", "assets": 279236, "income": 505907, "revenue": 480893}, {"ein": "883878203", "name": "PIONEER CLAY TARGET TEAM", "city": "FREEDOM", "state": "NY", "zip": "14065-9762", "ntee": "B12", "ruling": "202209", "deductibility": "1", "assets": 0, "income": 0, "revenue": 0}, {"ein": "990717063", "name": "PIONEER FISH AND GAME CLUB", "city": "HOOSICK FALLS", "state": "NY", "zip": "12090-4616", "ntee": "C30", "ruling": "202408", "deductibility": "1", "assets": 0, "income": 0, "revenue": 0}, {"ein": "993659149", "name": "PIONEER BEYOND CARE FOUNDATION INC", "city": "WHITESTONE", "state": "NY", "zip": "11357-3099", "ntee": "P85", "ruling": "202502", "deductibility": "1", "assets": 0, "income": 0, "revenue": 0}], "METALS": [{"ein": "150626250", "name": "SPECIAL METALS FEDERAL CREDIT UNION", "city": "NEW HARTFORD", "state": "NY", "zip": "13413-5316", "ntee": "", "ruling": "201411", "deductibility": "0", "assets": 0, "income": 0, "revenue": 0}, {"ein": "161546237", "name": "BUFFALO CHAPTER OF THE METALS SERVICE CENTER INSTITUTE INC", "city": "AUBURN", "state": "NY", "zip": "13021-1146", "ntee": "", "ruling": "199804", "deductibility": "2", "assets": 0, "income": 0, "revenue": 0}, {"ein": "206095388", "name": "SPECIAL METALS CORPORATION IAM RETIREE VEBA TR", "city": "NEW HARTFORD", "state": "NY", "zip": "13413-5317", "ntee": "Y43", "ruling": "200510", "deductibility": "2", "assets": 429806, "income": 566694, "revenue": 566694}], "WRIGHTS": [{"ein": "161029693", "name": "WRIGHTS CORNERS FIRE COMPANY INC", "city": "LOCKPORT", "state": "NY", "zip": "14094-1115", "ntee": "M24Z", "ruling": "199602", "deductibility": "1", "assets": 3346722, "income": 722772, "revenue": 672914}, {"ein": "161426693", "name": "FRANK LLOYD WRIGHTS MARTIN HOUSE CO RPORATION", "city": "BUFFALO", "state": "NY", "zip": "14214-2301", "ntee": "A800", "ruling": "199307", "deductibility": "1", "assets": 49364389, "income": 2652154, "revenue": 2272417}], "BARTELL": [{"ein": "161251176", "name": "BARTELL ROAD HOUSING DEVELOPMENT FUND CO INC", "city": "BREWERTON", "state": "NY", "zip": "13029-9601", "ntee": "", "ruling": "194603", "deductibility": "1", "assets": 1203662, "income": 255732, "revenue": 255732}], "KRUISING": [{"ein": "161398532", "name": "KRUISING KNIGHTS INC", "city": "BREWERTON", "state": "NY", "zip": "13029-9644", "ntee": "N50", "ruling": "201404", "deductibility": "2", "assets": 0, "income": 0, "revenue": 0}], "SCRANTON": [{"ein": "161401606", "name": "CARNEGIE-SCRANTON RECREATION ASSOCIATION INC", "city": "HAMBURG", "state": "NY", "zip": "14075-0347", "ntee": "N65", "ruling": "202105", "deductibility": "1", "assets": 38363, "income": 101568, "revenue": 101568}, {"ein": "161433495", "name": "SCRANTON VOLUNTEER FIRE COMPANY", "city": "HAMBURG", "state": "NY", "zip": "14075-2955", "ntee": "M24", "ruling": "201801", "deductibility": "1", "assets": 3474262, "income": 931652, "revenue": 931068}, {"ein": "161661867", "name": "LADIES AUXILIARY OF THE SCRANTON VOLUNTEER FIRE COMPANY", "city": "HAMBURG", "state": "NY", "zip": "14075-2955", "ntee": "M12", "ruling": "201201", "deductibility": "2", "assets": 0, "income": 0, "revenue": 0}, {"ein": "233034703", "name": "SCRANTON COMMUNITY KOLLEL", "city": "SPRING VALLEY", "state": "NY", "zip": "10977-6317", "ntee": "X30", "ruling": "200008", "deductibility": "1", "assets": 0, "income": 0, "revenue": 0}], "CUTCO": [{"ein": "161491450", "name": "CUTCO FOUNDATION INC", "city": "OLEAN", "state": "NY", "zip": "14760-3814", "ntee": "T20J", "ruling": "199602", "deductibility": "1", "assets": 10488659, "income": 1228193, "revenue": 0}], "REANEY": [{"ein": "161522597", "name": "MARGARET REANEY MEMORIAL LIBRARY", "city": "ST JOHNSVILLE", "state": "NY", "zip": "13452-1399", "ntee": "B70I", "ruling": "199706", "deductibility": "1", "assets": 349197, "income": 108972, "revenue": 108972}], "MOHONASEN": [{"ein": "161534717", "name": "MOHONASEN FOUNDATION FOR EXCELLENCE", "city": "SCHENECTADY", "state": "NY", "zip": "12304-0207", "ntee": "B112", "ruling": "199812", "deductibility": "1", "assets": 154432, "income": 107568, "revenue": 78225}, {"ein": "222302842", "name": "MOHONASEN ELEMENTARY SCHOOL PARENT- TEACHER ORGANIZATION", "city": "SCHENECTADY", "state": "NY", "zip": "12303-2703", "ntee": "", "ruling": "198612", "deductibility": "1", "assets": 29000, "income": 19004, "revenue": 11020}, {"ein": "800633711", "name": "DRAPER MOHONASEN PTSO", "city": "SCHENECTADY", "state": "NY", "zip": "12303-4400", "ntee": "B94", "ruling": "201411", "deductibility": "1", "assets": 0, "income": 0, "revenue": 0}], "FLTN": [{"ein": "161536318", "name": "WORKFORCE DEVELOPMENT BOARD OF FLTN MONTGOMERY & SCHOHARIE CNTIES INC", "city": "AMSTERDAM", "state": "NY", "zip": "12010-4615", "ntee": "J01", "ruling": "200510", "deductibility": "1", "assets": 149587, "income": 1616520, "revenue": 1616520}], "OPER": [{"ein": "166050723", "name": "ERNIE WOLK CHARITABLE TRUST C/O MARINE MIDLAND BK & TR OPER CT", "city": "BUFFALO", "state": "NY", "zip": "14240-1504", "ntee": "", "ruling": "196407", "deductibility": "1", "assets": 490231, "income": 128387, "revenue": 0}], "VILLENOVA": [{"ein": "166056715", "name": "VILLENOVA BURIAL ASSOC", "city": "SOUTH DAYTON", "state": "NY", "zip": "14138-0000", "ntee": "Y50", "ruling": "201702", "deductibility": "1", "assets": 0, "income": 0, "revenue": 0}], "HARBY": [{"ein": "166210926", "name": "RALPH DEAN HARBY AND EVELYN PEAKE HARBY SCHOLARSHIP FUND", "city": "ONEONTA", "state": "NY", "zip": "13820-0430", "ntee": "", "ruling": "197712", "deductibility": "1", "assets": 256578, "income": 123594, "revenue": 0}], "CIELO": [{"ein": "201545466", "name": "IGLESIA SANTIDAD CAMINO AL CIELO", "city": "YONKERS", "state": "NY", "zip": "10705-1371", "ntee": "X21", "ruling": "200410", "deductibility": "1", "assets": 0, "income": 0, "revenue": 0}, {"ein": "204907179", "name": "IGLESIA DE DIOS PUERTA DEL CIELO", "city": "LINDENHURST", "state": "NY", "zip": "11757-1002", "ntee": "", "ruling": "197210", "deductibility": "1", "assets": 0, "income": 0, "revenue": 0}, {"ein": "223183506", "name": "CAMINO AL CIELO INC", "city": "ROCHESTER", "state": "NY", "zip": "14605-2224", "ntee": "", "ruling": "199303", "deductibility": "1", "assets": 0, "income": 0, "revenue": 0}, {"ein": "271745913", "name": "IGLESIA DE DIOS PENTECOSTAL PUERTA DEL CIELO", "city": "BROOKLYN", "state": "NY", "zip": "11233-2605", "ntee": "", "ruling": "196408", "deductibility": "1", "assets": 0, "income": 0, "revenue": 0}, {"ein": "273109824", "name": "CASA DE RESTAURACION PUERTA DEL CIELO INC", "city": "BRONX", "state": "NY", "zip": "10452-1662", "ntee": "X21", "ruling": "201208", "deductibility": "1", "assets": 52102, "income": 196063, "revenue": 196063}, {"ein": "462547653", "name": "IGL CRISTIANA CASA DE DIOS Y PUERTA DEL CIELO", "city": "BRONX", "state": "NY", "zip": "10458-4142", "ntee": "X99", "ruling": "196408", "deductibility": "1", "assets": 0, "income": 0, "revenue": 0}, {"ein": "464842027", "name": "IGLESIA CAMINO AL CIELO INC", "city": "CENTEREACH", "state": "NY", "zip": "11720-2264", "ntee": "X20", "ruling": "201510", "deductibility": "1", "assets": 408091, "income": 146467, "revenue": 146467}, {"ein": "474106706", "name": "IGLESIA PENTECOSTAL CAMINO AL CIELO", "city": "SCHENECTADY", "state": "NY", "zip": "12304-3126", "ntee": "X21", "ruling": "202004", "deductibility": "1", "assets": 0, "income": 0, "revenue": 0}, {"ein": "571198318", "name": "IGLESIA PENTECOSTAL CAMINO AL CIELO-SOL DE JUSTICIA", "city": "BROOKLYN", "state": "NY", "zip": "11220-4407", "ntee": "X20", "ruling": "200705", "deductibility": "1", "assets": 0, "income": 0, "revenue": 0}, {"ein": "800319785", "name": "IGLESIA PENTACOSTAL PUERTA DEL CIELO", "city": "TROY", "state": "NY", "zip": "12180-6969", "ntee": "X20", "ruling": "201408", "deductibility": "1", "assets": 0, "income": 0, "revenue": 0}, {"ein": "993342341", "name": "TDJ ESCALERA AL CIELO FLUSHING INC", "city": "CORONA", "state": "NY", "zip": "11368-3932", "ntee": "X99", "ruling": "202501", "deductibility": "1", "assets": 0, "income": 0, "revenue": 0}], "203K": [{"ein": "202985867", "name": "WEST BUSHWICK 203K HOUSING DEVELOPMENT FUND COMPANY INC", "city": "BROOKLYN", "state": "NY", "zip": "11206-4628", "ntee": "L20", "ruling": "201408", "deductibility": "2", "assets": 20144721, "income": 1725039, "revenue": 1635870}], "K9KASTLE": [{"ein": "204473642", "name": "K9KASTLE CORPORATION", "city": "NEW YORK", "state": "NY", "zip": "10003-5754", "ntee": "D20", "ruling": "201108", "deductibility": "1", "assets": 29656, "income": 2105, "revenue": 2105}], "PURELEMENTS": [{"ein": "205332584", "name": "PURELEMENTS AN EVOLUTION IN DANCE", "city": "BROOKLYN", "state": "NY", "zip": "11233-3104", "ntee": "A62", "ruling": "200807", "deductibility": "1", "assets": 1404648, "income": 1936193, "revenue": 1936193}], "OFSYRACUSE": [{"ein": "205761147", "name": "UKRAINIAN CULTURAL CENTER OFSYRACUSE INC", "city": "SYRACUSE", "state": "NY", "zip": "13204-2717", "ntee": "A20", "ruling": "200708", "deductibility": "1", "assets": 87344, "income": 85002, "revenue": 85002}], "HEDDY": [{"ein": "205921939", "name": "MENDY AND HEDDY KLEIN FOUNDATION", "city": "VALLEY STREAM", "state": "NY", "zip": "11580-6105", "ntee": "T20", "ruling": "200611", "deductibility": "1", "assets": 3511823, "income": 232643, "revenue": 0}], "TUM": [{"ein": "206774529", "name": "TUM ROBERT YOUNG-JAY LESLIE YOUNG SCHOLARSHIP", "city": "NORWICH", "state": "NY", "zip": "13815-0000", "ntee": "T20", "ruling": "200708", "deductibility": "1", "assets": 373262, "income": 92178, "revenue": 0}], "KANAK": [{"ein": "208427663", "name": "KANAK & PRABHA GOLIA FOUNDATION", "city": "MANHASSET", "state": "NY", "zip": "11030-3923", "ntee": "B12", "ruling": "200903", "deductibility": "1", "assets": 15435899, "income": 4562403, "revenue": 0}], "NECKSURGERY": [{"ein": "208784395", "name": "LENOX OTOLARYNGOLOGY HEAD & NECKSURGERY PC", "city": "WESTBURY", "state": "NY", "zip": "11590-1740", "ntee": "E20", "ruling": "201810", "deductibility": "1", "assets": 151284, "income": 4506877, "revenue": 4506877}], "INSULATING": [{"ein": "223049628", "name": "INSULATING GLASS CERTIFICATION COUNCIL INC", "city": "SACKETS HBR", "state": "NY", "zip": "13685-0730", "ntee": "Z99Z", "ruling": "199011", "deductibility": "1", "assets": 2675030, "income": 2690244, "revenue": 2690244}], "EPIDEMIOLOGIST": [{"ein": "237100919", "name": "LOCAL 436 UNITED FEDERATION OF NURSES & EPIDEMIOLOGIST", "city": "NEW YORK", "state": "NY", "zip": "10007-2233", "ntee": "J40", "ruling": "202311", "deductibility": "2", "assets": 0, "income": 0, "revenue": 0}], "AARP": [{"ein": "237117243", "name": "AARP", "city": "STATEN IDLAND", "state": "NY", "zip": "10306-0000", "ntee": "", "ruling": "197104", "deductibility": "2", "assets": 0, "income": 0, "revenue": 0}], "ALESK": [{"ein": "237160847", "name": "CONGREGTION AND YESHIVA LEV SOMEIACH OF ALESK", "city": "BROOKLYN", "state": "NY", "zip": "11218-5765", "ntee": "", "ruling": "197205", "deductibility": "1", "assets": 0, "income": 0, "revenue": 0}, {"ein": "812696197", "name": "KHAL ALESK", "city": "BROOKLYN", "state": "NY", "zip": "11219-1604", "ntee": "X30", "ruling": "201701", "deductibility": "1", "assets": 0, "income": 0, "revenue": 0}], "RABBANIM": [{"ein": "237333343", "name": "AGUDAS HA RABBANIM OF U S A AND CANADA INC", "city": "NEW YORK", "state": "NY", "zip": "10002-5600", "ntee": "", "ruling": "197406", "deductibility": "1", "assets": 0, "income": 0, "revenue": 0}], "ASHAROKAN": [{"ein": "237591499", "name": "ROYAL ARCH MASONS OF NEW YORK 288 ASHAROKAN", "city": "SMITHTOWN", "state": "NY", "zip": "11787-1817", "ntee": "", "ruling": "197211", "deductibility": "1", "assets": 0, "income": 0, "revenue": 0}], "BIANCO": [{"ein": "260636572", "name": "BIANCO FOUNDATION INC", "city": "NEW YORK", "state": "NY", "zip": "10016-0000", "ntee": "T20", "ruling": "200712", "deductibility": "1", "assets": 1280627, "income": 638537, "revenue": 0}], "OMEK": [{"ein": "261206050", "name": "OMEK FOUNDATIOIN", "city": "BROOKLYN", "state": "NY", "zip": "11213-3302", "ntee": "B99", "ruling": "200906", "deductibility": "1", "assets": 74720, "income": 116671, "revenue": 116671}], "LAHM": [{"ein": "261256178", "name": "LOVE & HOPE MINISTRIES INTERNATIONAL LAHM", "city": "CORAM", "state": "NY", "zip": "11727-1161", "ntee": "Q12", "ruling": "200805", "deductibility": "1", "assets": 0, "income": 0, "revenue": 0}], "SADOVE": [{"ein": "261264362", "name": "SADOVE FAMILY FOUNDATION", "city": "PURCHASE", "state": "NY", "zip": "10577-1130", "ntee": "T22", "ruling": "200712", "deductibility": "1", "assets": 5657034, "income": 1613451, "revenue": 0}], "ADELANTE": [{"ein": "261461065", "name": "ADELANTE NYC INC", "city": "NEW YORK", "state": "NY", "zip": "10019-1104", "ntee": "O50", "ruling": "200807", "deductibility": "1", "assets": 395181, "income": 514277, "revenue": 498710}, {"ein": "862628804", "name": "ADELANTE STUDENT VOICES INC", "city": "POUGHKEEPSIE", "state": "NY", "zip": "12603-0023", "ntee": "O50", "ruling": "202111", "deductibility": "1", "assets": 25580, "income": 88036, "revenue": 88036}], "FETNER": [{"ein": "262869103", "name": "SIDNEY AND SONDRA FETNER FAMILY FOUNDATION", "city": "WHITE PLAINS", "state": "NY", "zip": "10601-0000", "ntee": "T22", "ruling": "200909", "deductibility": "1", "assets": 1736, "income": 1, "revenue": 0}], "ELFRIEDA": [{"ein": "262892504", "name": "ELFRIEDA FRANK FOUNDATION", "city": "NEW YORK", "state": "NY", "zip": "10004-0000", "ntee": "T22", "ruling": "200809", "deductibility": "1", "assets": 2454264, "income": 1368179, "revenue": 0}], "CALANDRA": [{"ein": "264235918", "name": "FRIENDS OF THE JOHN D CALANDRA ITALIAN AMERICAN INSTITUTE", "city": "BROOKLYN", "state": "NY", "zip": "11228-0000", "ntee": "", "ruling": "200908", "deductibility": "1", "assets": 145376, "income": 136754, "revenue": 136754}], "CULTURA": [{"ein": "270143981", "name": "ABYAYALA ARTE & CULTURA", "city": "NEW YORK", "state": "NY", "zip": "10016-2186", "ntee": "A23", "ruling": "200708", "deductibility": "1", "assets": 0, "income": 0, "revenue": 0}, {"ein": "992877875", "name": "MOMENTOS DE- UN ESPACIO PARA EL ARTE Y LA CULTURA", "city": "ELMHURTS", "state": "NY", "zip": "11373-2928", "ntee": "S20", "ruling": "202406", "deductibility": "1", "assets": 0, "income": 0, "revenue": 0}], "SPOT": [{"ein": "270223913", "name": "MY BLIND SPOT INC", "city": "BELLPORT", "state": "NY", "zip": "11713-2325", "ntee": "O50", "ruling": "200909", "deductibility": "1", "assets": 82236, "income": 223114, "revenue": 223114}, {"ein": "300711548", "name": "THE SPOT CHURCH INC", "city": "BRENTWOOD", "state": "NY", "zip": "11717-3318", "ntee": "X20", "ruling": "201501", "deductibility": "1", "assets": 0, "income": 0, "revenue": 0}, {"ein": "460833030", "name": "SEE SPOT RESCUED INC", "city": "NEW YORK", "state": "NY", "zip": "10005-0043", "ntee": "D20", "ruling": "201309", "deductibility": "1", "assets": 68627, "income": 105953, "revenue": 105953}, {"ein": "471388151", "name": "SPOT MINISTRIES", "city": "CANANDAIGUA", "state": "NY", "zip": "14424-1063", "ntee": "", "ruling": "196408", "deductibility": "1", "assets": 0, "income": 0, "revenue": 0}, {"ein": "813035196", "name": "VILLAGE SPOT INC", "city": "STONY BROOK", "state": "NY", "zip": "11790-1522", "ntee": "P20", "ruling": "201612", "deductibility": "1", "assets": 0, "income": 0, "revenue": 0}, {"ein": "824878824", "name": "SEE SPOT LOVE INC", "city": "MINEOLA", "state": "NY", "zip": "11501-2235", "ntee": "D20", "ruling": "201804", "deductibility": "1", "assets": 0, "income": 0, "revenue": 0}, {"ein": "841975927", "name": "SPOT-CANANDAIGUA INC", "city": "CANANDAIGUA", "state": "NY", "zip": "14424-0563", "ntee": "B80", "ruling": "202004", "deductibility": "1", "assets": 53013, "income": 99896, "revenue": 99896}, {"ein": "871202836", "name": "ON THIS SPOT NYC INC", "city": "NEW YORK", "state": "NY", "zip": "10024-1541", "ntee": "A25", "ruling": "202201", "deductibility": "1", "assets": 6925, "income": 151083, "revenue": 151083}, {"ein": "931726140", "name": "BROOKLYN SPOT INC", "city": "BROOKLYN", "state": "NY", "zip": "11215-6247", "ntee": "A26", "ruling": "202307", "deductibility": "1", "assets": 0, "income": 0, "revenue": 0}, {"ein": "934333182", "name": "BRIGHT SPOT COMMUNITY DEVELOPMENT CENTER", "city": "ELMHURST", "state": "NY", "zip": "11373-0000", "ntee": "S20", "ruling": "202407", "deductibility": "1", "assets": 0, "income": 0, "revenue": 0}], "HISPANICA": [{"ein": "271588801", "name": "OPERA HISPANICA INC", "city": "NEW YORK", "state": "NY", "zip": "10031-5321", "ntee": "A6A", "ruling": "202303", "deductibility": "1", "assets": 0, "income": 0, "revenue": 0}], "HFL": [{"ein": "273611385", "name": "HFL COUGAR HOOPS INC", "city": "HONEOYE FALLS", "state": "NY", "zip": "14472-9708", "ntee": "N62", "ruling": "201108", "deductibility": "2", "assets": 0, "income": 0, "revenue": 0}, {"ein": "452087041", "name": "HFL YOUTH LACROSSE INC", "city": "LIMA", "state": "NY", "zip": "14485-0515", "ntee": "O50", "ruling": "201706", "deductibility": "1", "assets": 28245, "income": 67397, "revenue": 48456}], "BLAMADON": [{"ein": "275256292", "name": "BLAMADON CENTER FOR THE ARTS", "city": "BROOKLYN", "state": "NY", "zip": "11210-2664", "ntee": "A11", "ruling": "201403", "deductibility": "1", "assets": 0, "income": 0, "revenue": 0}], "SLAVERY": [{"ein": "300615146", "name": "MID-HUDSON ANTI-SLAVERY HISTORY PROJECT INC", "city": "POUGHKEEPSIE", "state": "NY", "zip": "12603-0647", "ntee": "A80", "ruling": "201603", "deductibility": "1", "assets": 0, "income": 0, "revenue": 0}, {"ein": "301064058", "name": "MISSION TO END MODERN SLAVERY INC", "city": "LONG ISLAND CITY", "state": "NY", "zip": "11101-2807", "ntee": "P80", "ruling": "202110", "deductibility": "1", "assets": 0, "income": 0, "revenue": 0}, {"ein": "853185074", "name": "YOUTH AGAINST SLAVERY MOVEMENT", "city": "ALBANY", "state": "NY", "zip": "12207-1704", "ntee": "Q70", "ruling": "202301", "deductibility": "1", "assets": 0, "income": 0, "revenue": 0}], "ACHIZAT": [{"ein": "301031849", "name": "ACHIZAT AHARON INC", "city": "BROOKLYN", "state": "NY", "zip": "11218-3503", "ntee": "P20", "ruling": "201811", "deductibility": "1", "assets": 996, "income": 55205, "revenue": 55205}], "NOU": [{"ein": "331472238", "name": "VWA PA NOU INC", "city": "NEW YORK", "state": "NY", "zip": "10003-1502", "ntee": "B90", "ruling": "202411", "deductibility": "1", "assets": 0, "income": 0, "revenue": 0}, {"ein": "332578800", "name": "FONTAMARA AN NOU", "city": "HEMPSTEAD", "state": "NY", "zip": "11550-7324", "ntee": "S20", "ruling": "202502", "deductibility": "1", "assets": 0, "income": 0, "revenue": 0}], "ISTRIA": [{"ein": "332402477", "name": "ISTRIA CLUB NEW YORK INC", "city": "ASTORIA", "state": "NY", "zip": "11102-2040", "ntee": "A23", "ruling": "202501", "deductibility": "1", "assets": 0, "income": 0, "revenue": 0}], "KREATIONS": [{"ein": "332882713", "name": "BE U TIFUL KREATIONS INC", "city": "JAMAICA", "state": "NY", "zip": "11434-1720", "ntee": "P20", "ruling": "202501", "deductibility": "1", "assets": 0, "income": 0, "revenue": 0}, {"ein": "854233876", "name": "YELVERTON KREATIONS INC", "city": "NEW YORK CITY", "state": "NY", "zip": "10001-4853", "ntee": "A23", "ruling": "202309", "deductibility": "1", "assets": 0, "income": 0, "revenue": 0}, {"ein": "992213365", "name": "KARING KREATIONS ADVOCACY INC", "city": "NEWARK", "state": "NY", "zip": "14513-9727", "ntee": "P40", "ruling": "202404", "deductibility": "1", "assets": 0, "income": 0, "revenue": 0}], "BLOC": [{"ein": "333716376", "name": "WASHINGTON HEIGHTS-INWOOD MASK BLOC", "city": "NEW YORK", "state": "NY", "zip": "10040-4249", "ntee": "P20", "ruling": "202504", "deductibility": "1", "assets": 0, "income": 0, "revenue": 0}], "PASTABLE": [{"ein": "333925675", "name": "PASTABLE EDUCATION INC", "city": "BROOKLYN", "state": "NY", "zip": "11201-5448", "ntee": "B28", "ruling": "202504", "deductibility": "1", "assets": 0, "income": 0, "revenue": 0}], "LOOMS": [{"ein": "352339901", "name": "HELPING ENSURE AFRICA LOOMS INTERNATIONAL INC", "city": "BUFFALO", "state": "NY", "zip": "14213-1815", "ntee": "P84", "ruling": "200907", "deductibility": "1", "assets": 290194, "income": 70914, "revenue": 70914}], "RAFA": [{"ein": "371832779", "name": "RAFA NADAL FOUNDATION INC", "city": "NEW YORK", "state": "NY", "zip": "10017-9117", "ntee": "T22", "ruling": "201709", "deductibility": "1", "assets": 651062, "income": 300000, "revenue": 0}, {"ein": "455401142", "name": "IGLESIA CRISTIANA JEHOVA RAFA INC", "city": "BRONX", "state": "NY", "zip": "10463-7221", "ntee": "X21", "ruling": "201308", "deductibility": "1", "assets": 0, "income": 0, "revenue": 0}], "DHIVNOV": [{"ein": "412113058", "name": "CONG CHASDEI AVROHOM DHIVNOV", "city": "BROOKLYN", "state": "NY", "zip": "11219-3431", "ntee": "X30", "ruling": "200403", "deductibility": "1", "assets": 0, "income": 0, "revenue": 0}], "NEXTBOOK": [{"ein": "412116973", "name": "NEXTBOOK INC", "city": "NEW YORK", "state": "NY", "zip": "10001-4203", "ntee": "X83", "ruling": "200409", "deductibility": "1", "assets": 1462999, "income": 10186091, "revenue": 8438293}], "PATTER": [{"ein": "432103189", "name": "PITTER PATTER PAWS CORP", "city": "LK RONKONKOMA", "state": "NY", "zip": "11779-4240", "ntee": "D20", "ruling": "200702", "deductibility": "1", "assets": 0, "income": 0, "revenue": 0}], "PUCCS": [{"ein": "452798917", "name": "PUCCS CHARITABLE FUND INC", "city": "ORCHARD PARK", "state": "NY", "zip": "14127-3177", "ntee": "B90", "ruling": "201302", "deductibility": "1", "assets": 4418, "income": 5568, "revenue": 2208}], "ABIGAILS": [{"ein": "452896266", "name": "ABIGAILS FUND FOR CHILDREN INC", "city": "BRONX", "state": "NY", "zip": "10463-1029", "ntee": "B99", "ruling": "201201", "deductibility": "1", "assets": 0, "income": 0, "revenue": 0}, {"ein": "842731991", "name": "ABIGAILS ATHLETES INC", "city": "SAUQUOIT", "state": "NY", "zip": "13456-3205", "ntee": "H30", "ruling": "201911", "deductibility": "1", "assets": 12081, "income": 17842, "revenue": 17575}, {"ein": "920785801", "name": "ST ABIGAILS", "city": "LYONS", "state": "NY", "zip": "14489-0000", "ntee": "X20", "ruling": "202311", "deductibility": "1", "assets": 0, "income": 0, "revenue": 0}], "MSBF": [{"ein": "453614161", "name": "MSBF MINISTRIES", "city": "GRAHAMSVILLE", "state": "NY", "zip": "12740-0000", "ntee": "X20", "ruling": "201201", "deductibility": "1", "assets": 48320, "income": 54004, "revenue": 54004}], "GI": [{"ein": "454644781", "name": "GI VENTURES INC", "city": "CORTLANDT MNR", "state": "NY", "zip": "10567-4144", "ntee": "E11", "ruling": "201312", "deductibility": "1", "assets": 1419032, "income": 0, "revenue": 0}, {"ein": "800235332", "name": "GI AND LIVER SOCIETY OF WESTERN NEW YORK INC", "city": "WILLIAMSVILLE", "state": "NY", "zip": "14221-2917", "ntee": "G037", "ruling": "200903", "deductibility": "1", "assets": 0, "income": 0, "revenue": 0}, {"ein": "842384980", "name": "GI CANCERS ALLIANCE", "city": "CENTRAL SQ", "state": "NY", "zip": "13036-2353", "ntee": "G30", "ruling": "201908", "deductibility": "1", "assets": 0, "income": 0, "revenue": 0}, {"ein": "923985903", "name": "SPRINGVILLE GI SPORTS ALUMNI ASSOCIATION INC", "city": "HAMBURG", "state": "NY", "zip": "14075-7318", "ntee": "B84", "ruling": "202306", "deductibility": "1", "assets": 0, "income": 0, "revenue": 0}], "SEBASHRAM": [{"ein": "455216516", "name": "SANATAN SEBASHRAM FOUNDATION INC", "city": "S RICHMOND HL", "state": "NY", "zip": "11419-2342", "ntee": "A99", "ruling": "201510", "deductibility": "1", "assets": 0, "income": 0, "revenue": 0}], "KAYREN": [{"ein": "455555509", "name": "KAYREN MNACHEM MENDEL", "city": "BROOKLYN", "state": "NY", "zip": "11249-6041", "ntee": "X30", "ruling": "201303", "deductibility": "1", "assets": 0, "income": 0, "revenue": 0}], "RICKETT": [{"ein": "462887962", "name": "MATTHEW LD RICKETT MEMORIAL FUND INC", "city": "HOPEWELL JCT", "state": "NY", "zip": "12533-6001", "ntee": "B84", "ruling": "201408", "deductibility": "1", "assets": 0, "income": 0, "revenue": 0}], "OKTOBERFEST": [{"ein": "463058752", "name": "HAMBURG OKTOBERFEST", "city": "HAMBURG", "state": "NY", "zip": "14075-3649", "ntee": "A99", "ruling": "201406", "deductibility": "1", "assets": 39179, "income": 81909, "revenue": 81909}], "WAZ": [{"ein": "465018994", "name": "LINDA WAZ FOUNDATION INC", "city": "GARDINER", "state": "NY", "zip": "12525-5115", "ntee": "P60", "ruling": "201502", "deductibility": "1", "assets": 0, "income": 0, "revenue": 0}], "DESTINA": [{"ein": "471859649", "name": "DESTINA FOUNDATION INC", "city": "NEW YORK", "state": "NY", "zip": "10013-1453", "ntee": "T23", "ruling": "201502", "deductibility": "1", "assets": 15889730, "income": 3677906, "revenue": 0}], "ELECTED": [{"ein": "473129108", "name": "AFRICAN AMERICAN CLERGY AND ELECTED OFFICIAL OF BROOKLYN INC", "city": "BROOKLYN", "state": "NY", "zip": "11221-1916", "ntee": "A01", "ruling": "202311", "deductibility": "1", "assets": 0, "income": 0, "revenue": 0}, {"ein": "883948273", "name": "UAWSC ELECTED TRUSTEES", "city": "HUDSON", "state": "NY", "zip": "12534-0731", "ntee": "F50", "ruling": "202307", "deductibility": "1", "assets": 0, "income": 0, "revenue": 0}], "ROSANNA": [{"ein": "473506895", "name": "ROSANNA ELIZABETH COREY HECKL FOUNDATION FOR THE ARTS INC", "city": "BUFFALO", "state": "NY", "zip": "14213-2310", "ntee": "A26", "ruling": "202312", "deductibility": "1", "assets": 0, "income": 0, "revenue": 0}], "NIKOLINAS": [{"ein": "473766322", "name": "NIKOLINAS ATTIC INC", "city": "LAKE GROVE", "state": "NY", "zip": "11755-2236", "ntee": "P12", "ruling": "201504", "deductibility": "1", "assets": 0, "income": 0, "revenue": 0}], "HRP": [{"ein": "473883306", "name": "HRP LIFE CHANGING MINISTRIES OF NEW YORK INC", "city": "NEW WINDSOR", "state": "NY", "zip": "12553-7900", "ntee": "X20", "ruling": "201511", "deductibility": "1", "assets": 0, "income": 0, "revenue": 0}, {"ein": "912161967", "name": "HRP LIFE CHANGING MINISTRIES INC", "city": "NEWBURGH", "state": "NY", "zip": "12550-5518", "ntee": "", "ruling": "199207", "deductibility": "1", "assets": 0, "income": 0, "revenue": 0}], "LALAOUNIS": [{"ein": "473924183", "name": "AMERICAN FRIENDS OF THE ILIAS LALAOUNIS JEWELRY MUSEUM INC", "city": "NEW YORK", "state": "NY", "zip": "10004-1442", "ntee": "A20", "ruling": "201505", "deductibility": "1", "assets": 0, "income": 0, "revenue": 0}], "13THIRTY": [{"ein": "474493013", "name": "13THIRTY CANCER CONNECT INC", "city": "ROCHESTER", "state": "NY", "zip": "14620-3042", "ntee": "G30", "ruling": "201603", "deductibility": "1", "assets": 1113355, "income": 878021, "revenue": 672257}], "KOYIN": [{"ein": "475224357", "name": "KOYIN ASSOCIATION OF AMERICA CORP", "city": "BRONX", "state": "NY", "zip": "10466-2037", "ntee": "Q30", "ruling": "201606", "deductibility": "1", "assets": 66557, "income": 17400, "revenue": 17400}], "EVERITTS": [{"ein": "650485435", "name": "JAMES L EVERITTS FOUNDATION INC", "city": "PLATTSBURGH", "state": "NY", "zip": "12901-1849", "ntee": "T20Z", "ruling": "199708", "deductibility": "1", "assets": 1681117, "income": 915134, "revenue": 0}], "NAPO": [{"ein": "742887875", "name": "NAPO INC", "city": "NEW YORK", "state": "NY", "zip": "10024-0804", "ntee": "", "ruling": "199811", "deductibility": "1", "assets": 0, "income": 0, "revenue": 0}], "ILLAH": [{"ein": "743051974", "name": "ILLAH DEVELOPMENT ORGANIZATION NY INC", "city": "STATEN ISLAND", "state": "NY", "zip": "10303-2905", "ntee": "A23", "ruling": "201109", "deductibility": "1", "assets": 0, "income": 0, "revenue": 0}], "INTERNATIONA": [{"ein": "800907305", "name": "REMNANT WORSHIP CENTER INTERNATIONA L INC", "city": "BROOKLYN", "state": "NY", "zip": "11207-7203", "ntee": "X99", "ruling": "201409", "deductibility": "1", "assets": 0, "income": 0, "revenue": 0}], "YEAZEL": [{"ein": "810848635", "name": "REV MSGR J ROBERT YEAZEL CATHOLIC EDUCATION VOCATION SCHOLARSHIP FOU", "city": "SYRACUSE", "state": "NY", "zip": "13214-2104", "ntee": "", "ruling": "194603", "deductibility": "1", "assets": 0, "income": 0, "revenue": 0}], "COLERE": [{"ein": "812147240", "name": "COLERE NETWORK INC", "city": "LITTLE FALLS", "state": "NY", "zip": "13365-6019", "ntee": "X20", "ruling": "201702", "deductibility": "1", "assets": 3520, "income": 53889, "revenue": 53889}], "WAYMARK": [{"ein": "813588155", "name": "WAYMARK MINISTRIES", "city": "BROOKLYN", "state": "NY", "zip": "11212-1342", "ntee": "X20", "ruling": "201805", "deductibility": "1", "assets": 116510, "income": 0, "revenue": 0}], "BODYZ": [{"ein": "814013681", "name": "BIZY BODYZ INC", "city": "ROCHESTER", "state": "NY", "zip": "14615-2307", "ntee": "A62", "ruling": "201803", "deductibility": "1", "assets": 0, "income": 0, "revenue": 0}], "TWNY": [{"ein": "814819087", "name": "TWNY MUSIC GUILD INC", "city": "WHITESTONE", "state": "NY", "zip": "11357-1725", "ntee": "A99", "ruling": "202405", "deductibility": "1", "assets": 5159, "income": 0, "revenue": 0}], "SIDDIQUE": [{"ein": "815080375", "name": "SIDDIQUE E AKBAR ISLAMIC CENTER INC", "city": "BROOKLYN", "state": "NY", "zip": "11234-5037", "ntee": "S80", "ruling": "201702", "deductibility": "1", "assets": 0, "income": 0, "revenue": 0}], "MENTORAH": [{"ein": "820759922", "name": "MENTORAH", "city": "FALLSBURG", "state": "NY", "zip": "12733-5821", "ntee": "X30", "ruling": "201712", "deductibility": "1", "assets": 118000, "income": 75440, "revenue": 75440}], "LUBETZKY": [{"ein": "821648087", "name": "LUBETZKY FAMILY FOUNDATION", "city": "NEW YORK", "state": "NY", "zip": "10156-1767", "ntee": "W70", "ruling": "201710", "deductibility": "1", "assets": 1622669, "income": 24216378, "revenue": 0}], "BRUNELL": [{"ein": "823197420", "name": "BRUNELL FAMILY CHARITABLE FOUNDATION INC", "city": "WOODMERE", "state": "NY", "zip": "11598-1304", "ntee": "T20", "ruling": "201801", "deductibility": "1", "assets": 130319, "income": 19538, "revenue": 0}], "TKIYA": [{"ein": "823240823", "name": "TKIYA MUSIC INC", "city": "BROOKLYN", "state": "NY", "zip": "11206-6238", "ntee": "A68", "ruling": "201805", "deductibility": "1", "assets": 185769, "income": 488414, "revenue": 488414}], "DIWALI": [{"ein": "823293089", "name": "DIWALI FOUNDATION USA INC", "city": "NEW YORK", "state": "NY", "zip": "10016-8108", "ntee": "P20", "ruling": "202002", "deductibility": "1", "assets": 1, "income": 0, "revenue": 0}], "HATTIES": [{"ein": "824396564", "name": "HATTIES DREAM FOUNDATION INC", "city": "BRONX", "state": "NY", "zip": "10451-9909", "ntee": "O50", "ruling": "202308", "deductibility": "1", "assets": 0, "income": 0, "revenue": 0}], "HOPE585": [{"ein": "825396985", "name": "HOPE585", "city": "ROCHESTER", "state": "NY", "zip": "14604-1441", "ntee": "P40", "ruling": "201805", "deductibility": "1", "assets": 1574906, "income": 1629017, "revenue": 1612695}], "PINTO": [{"ein": "830771550", "name": "PINTO ART INC", "city": "NEW YORK", "state": "NY", "zip": "10009-4049", "ntee": "A23", "ruling": "201810", "deductibility": "1", "assets": 169, "income": 500, "revenue": 500}], "GASCOIGNE": [{"ein": "831126818", "name": "GASCOIGNE FULLER FOUNDATION INC", "city": "MANHASSET", "state": "NY", "zip": "11030-1707", "ntee": "T22", "ruling": "201905", "deductibility": "1", "assets": 179960, "income": 29803, "revenue": 0}], "PUPSCOUTS": [{"ein": "832180523", "name": "PUPSCOUTS INC", "city": "NEW YORK", "state": "NY", "zip": "10036-6884", "ntee": "D12", "ruling": "201904", "deductibility": "1", "assets": 0, "income": 0, "revenue": 0}], "MUJIGYE": [{"ein": "834517375", "name": "MUJIGYE FOUNDATION INC", "city": "NEW YORK", "state": "NY", "zip": "10044-0194", "ntee": "X99", "ruling": "201912", "deductibility": "1", "assets": 4344393, "income": 63002, "revenue": 0}], "PITCHES": [{"ein": "841910659", "name": "PITCHES BREW INC", "city": "NEW YORK", "state": "NY", "zip": "10023-7148", "ntee": "A20", "ruling": "201906", "deductibility": "1", "assets": 0, "income": 0, "revenue": 0}], "VMC": [{"ein": "843904107", "name": "AMERICAN INFIDELS VMC NEW YORK INC", "city": "GREENFLD CTR", "state": "NY", "zip": "12833-1027", "ntee": "W30", "ruling": "202111", "deductibility": "1", "assets": 0, "income": 0, "revenue": 0}], "NEUBERG": [{"ein": "845095452", "name": "ET NEUBERG FOUNDATION INC", "city": "WOODMERE", "state": "NY", "zip": "11598-2910", "ntee": "P12", "ruling": "202004", "deductibility": "1", "assets": 4132, "income": 1, "revenue": 0}], "BOBBIES": [{"ein": "853777068", "name": "BOBBIES PLACE INC", "city": "BROOKLYN", "state": "NY", "zip": "11230-4803", "ntee": "P20", "ruling": "202112", "deductibility": "1", "assets": 881192, "income": 1526750, "revenue": 1526750}], "LACIE": [{"ein": "853844525", "name": "TEAM LACIE JAE INC", "city": "HYDE PARK", "state": "NY", "zip": "12538-1507", "ntee": "E99", "ruling": "202107", "deductibility": "1", "assets": 0, "income": 0, "revenue": 0}], "REVISITING": [{"ein": "861310858", "name": "MANIFESTING AFTER REVISITING CRISIS INCORPORATED", "city": "NEWBURGH", "state": "NY", "zip": "12550-4539", "ntee": "A70", "ruling": "202104", "deductibility": "1", "assets": 0, "income": 0, "revenue": 0}], "KOKAND": [{"ein": "883892895", "name": "WORLDWIDE MEMORIAL FUND KOKAND INC", "city": "FOREST HILLS", "state": "NY", "zip": "11375-4253", "ntee": "C99", "ruling": "202301", "deductibility": "1", "assets": 0, "income": 0, "revenue": 0}], "OTTERKILL": [{"ein": "901498905", "name": "OTTERKILL ENGINE COMPANY NO 1 INC", "city": "CAMPBELL HALL", "state": "NY", "zip": "10916-2711", "ntee": "M24", "ruling": "201911", "deductibility": "1", "assets": 0, "income": 0, "revenue": 0}], "STGREY": [{"ein": "920549607", "name": "STGREY GLOBAL INC", "city": "BRONX", "state": "NY", "zip": "10465-2420", "ntee": "P20", "ruling": "202308", "deductibility": "1", "assets": 0, "income": 0, "revenue": 0}], "ASSUR": [{"ein": "920555260", "name": "AZMAT A ASSUR CHARITABLE FOUNDATION INC", "city": "NEW YORK", "state": "NY", "zip": "10005-0000", "ntee": "T20", "ruling": "202404", "deductibility": "1", "assets": 36359791, "income": 21240307, "revenue": 0}], "PYAARA": [{"ein": "921650181", "name": "PYAARA SINDHIS USA INC", "city": "GLEN OAKS", "state": "NY", "zip": "11004-1450", "ntee": "A99", "ruling": "202501", "deductibility": "1", "assets": 0, "income": 0, "revenue": 0}], "MIH716": [{"ein": "921730420", "name": "MIH716 FOUNDATION", "city": "BUFFALO", "state": "NY", "zip": "14208-1233", "ntee": "O50", "ruling": "202301", "deductibility": "1", "assets": 0, "income": 0, "revenue": 0}], "URTHU": [{"ein": "922976190", "name": "URTHU SOCIETY INC", "city": "FRANKLIN SQ", "state": "NY", "zip": "11010-3644", "ntee": "S80", "ruling": "202402", "deductibility": "1", "assets": 0, "income": 0, "revenue": 0}], "MELILLO": [{"ein": "923100456", "name": "MELILLO INSTITUTE FOR DEVELOPING MINDS INC", "city": "ROCKVILLE CTR", "state": "NY", "zip": "11570-1908", "ntee": "H84", "ruling": "202401", "deductibility": "1", "assets": 0, "income": 0, "revenue": 0}], "NAJEES": [{"ein": "923105531", "name": "NAJEES SCHOLARSHIP", "city": "BRONX", "state": "NY", "zip": "10451-2756", "ntee": "B82", "ruling": "202303", "deductibility": "1", "assets": 0, "income": 0, "revenue": 0}], "ARU": [{"ein": "931515639", "name": "ARU-BRA ARUBA INC", "city": "NEW YORK", "state": "NY", "zip": "10011-3189", "ntee": "E70", "ruling": "202307", "deductibility": "1", "assets": 0, "income": 0, "revenue": 0}], "DUNHUANG": [{"ein": "931679815", "name": "DUNHUANG ART & EDUCATION INC", "city": "JERICHO", "state": "NY", "zip": "11753-2212", "ntee": "S80", "ruling": "202310", "deductibility": "1", "assets": 0, "income": 0, "revenue": 0}], "BLEST": [{"ein": "934884356", "name": "MOMS LOVE GODS BLEST INC", "city": "RIDGEWOOD", "state": "NY", "zip": "11385-4952", "ntee": "T23", "ruling": "202505", "deductibility": "1", "assets": 0, "income": 0, "revenue": 0}], "INTERMED": [{"ein": "941518657", "name": "INTERMED INTERNATIONAL INC", "city": "FOREST HILLS", "state": "NY", "zip": "11375-0918", "ntee": "Q300", "ruling": "197903", "deductibility": "1", "assets": 281732, "income": 184640, "revenue": 121592}], "PONYUP4KIDS": [{"ein": "991784403", "name": "PONYUP4KIDS FOUNDATION INC", "city": "POUGHQUAG", "state": "NY", "zip": "12570-4834", "ntee": "D99", "ruling": "202405", "deductibility": "1", "assets": 0, "income": 0, "revenue": 0}], "DARLANDRAYMOND": [{"ein": "991991636", "name": "DARLANDRAYMOND P&P SERVICES INC", "city": "PORT WASHINGTON", "state": "NY", "zip": "11050-3242", "ntee": "O50", "ruling": "202407", "deductibility": "1", "assets": 0, "income": 0, "revenue": 0}], "ABOUNDS": [{"ein": "993045643", "name": "LOVE ABOUNDS MINISTRIES LIMITED", "city": "HUDSON FALLS", "state": "NY", "zip": "12839-2103", "ntee": "O55", "ruling": "202405", "deductibility": "1", "assets": 0, "income": 0, "revenue": 0}], "SDFS": [{"ein": "993179415", "name": "SDFS PROPERTY HOLDING CORPORATION", "city": "BLAUVELT", "state": "NY", "zip": "10913-2022", "ntee": "P99", "ruling": "202503", "deductibility": "2", "assets": 0, "income": 0, "revenue": 0}]}